2436 3840
380 190 427 245 vr.
455 189 504 243 nn
523 147 806 250 coniunctione.
1042 189 1102 253 171

82 343 192 408 tinae?
222 363 293 408 eum
320 343 397 407 dum
418 362 496 408 uem
523 362 662 424 memque
695 343 773 425 quiu
807 343 957 424 quouiem
990 342 1102 406 etmim

82 431 167 494 euim
189 432 221 491 et
244 431 360 492 cetera.

166 511 349 576 Mirandum
382 515 505 592 autem,
538 511 637 574 immo
671 510 850 574 deflendum
885 513 935 574 est
966 512 1100 592 totoque

81 596 257 681 lugendum
285 596 416 676 affectu,
444 596 528 680 quod
561 616 633 659 cum
656 597 779 658 ceterae
801 595 957 659 orationis
979 600 1098 677 partes,

80 686 150 746 turn
183 681 320 746 maxime
352 680 596 746 coniunctiones
629 679 783 744 confusae
816 683 848 743 et
876 678 1137 743 circumiectam

81 767 162 847 sint,
185 766 221 829 in
240 769 370 831 tantum
392 766 471 849 (ut)
493 765 587 829 inter
601 764 744 829 causales
767 767 800 829 et
820 764 995 828 rationales
1011 762 1102 826 nulla

81 872 164 935 pene
192 851 347 915 distantia
374 851 423 914 sit.
467 849 625 914 Donato
653 871 725 914 meo
754 870 900 932 parcam,
931 848 986 932 qui
1017 846 1101 912 hanc

82 936 236 1000 orationis
264 939 389 1018 partem
418 935 554 999 maxime
585 933 772 1013 confundit,
804 934 888 1017 quod
910 933 1012 997 frater
1034 933 1101 996 eius

82 1019 167 1085 Don
200 1021 376 1084 rectissime
404 1018 627 1103 reprehendit,
663 1020 718 1102 qui
747 1018 926 1082 rectissime
954 1017 1099 1081 iterauit:

82 1109 156 1169 sunt
189 1105 431 1170 coniunctiones
463 1105 647 1181 iteradum,
687 1123 767 1187 quae
802 1103 938 1167 cundem
971 1117 1140 1166 sansum10

81 1190 278 1272 eandemque
305 1188 498 1253 sententiam
520 1189 654 1271 iterant3
689 1190 888 1271 quaesunt:
917 1189 992 1252 item
1013 1188 1101 1250 item-

81 1294 140 1356 que
166 1275 275 1338 itidem
296 1274 474 1338 idemtidem
496 1273 681 1338 toutuudem
702 1292 832 1337 rursum
854 1273 956 1336 deuuo
977 1273 1102 1335 iterum.

81 1361 158 1422 sunt
179 1361 288 1422 tamen
310 1357 395 1441 apud
421 1357 529 1423 Affros
556 1358 741 1440 scriptorea,
771 1359 825 1441 qui
848 1355 927 1421 haec
950 1355 1102 1420 aduerbia

81 1442 189 1527 potius
211 1441 383 1507 adfirmant
406 1463 475 1507 esse
497 1442 644 1508 iterandi.
1043 1446 1046 1452 ”

167 1527 317 1594 Oauaales
332 1531 440 1593 autem
455 1527 699 1592 coniunctiones
715 1529 792 1591 sunt
830 1546 888 1590 uae
903 1524 1101 1590 retractandi
1114 1535 1139 1577 15

81 1616 113 1677 et
135 1612 370 1694 quodammodo
393 1612 578 1677 destruendi
599 1612 795 1677 sententiam
841 1611 940 1675 abent
959 1630 1100 1688 camam3

82 1717 163 1778 quae
186 1698 274 1758 sunt:
304 1698 334 1760 si
354 1698 420 1760 uisi
440 1697 612 1760 uisitumm
632 1716 745 1760 uerum
765 1696 912 1760 sultimue
933 1697 988 1760 aed
1008 1695 1103 1759 douee

81 1799 238 1860 usquequo
254 1780 456 1859 quoadusque
470 1783 644 1860 usquedum
660 1781 811 1859 querimus
826 1781 981 1859 quamdiu
993 1797 1102 1858 quum-

81 1865 133 1929 uis
155 1883 351 1944 quamquem
374 1863 543 1944 quumlrtet
559 1863 714 1943 siquidem
730 1867 762 1925 et
777 1865 889 1926 cetera.
926 1861 1102 1925 rationales

82 1950 191 2012 autem
224 1951 301 2011 sunt
335 1968 416 2044 quae
450 1967 489 2011 ex
518 1945 725 2030 praecidente
752 1946 914 2010 sententia
941 1945 1102 2009 rationem
1115 1961 1140 1999 20

81 2032 245 2118 sequentis
267 2034 450 2116 requrrunt3
474 2053 556 2115 quae
579 2035 670 2095 sunt:
694 2050 765 2113 erqo
779 2031 848 2095 ideo
862 2030 979 2095 idcirco
994 2032 1102 2112 itaque

75 2123 244 2201 propterea
271 2120 357 2199 epita
384 2118 484 2199 iqitur
506 2135 590 2181 ceros
611 2116 814 2198 quomobrem
831 2116 966 2197 proinde
982 2116 1102 2197 proice

82 2207 272 2285 quapropter
288 2201 503 2285 propterquod
525 2204 557 2265 et
573 2208 688 2265 cetera.
727 2204 803 2265 sunt
824 2200 923 2264 ctiam
945 2199 1102 2284 quaedam

82 2287 325 2352 coniunctiones
341 2285 591 2368 adsimilatiuae3
615 2285 766 2350 dicuntur
786 2305 823 2350 eo
845 2284 931 2368 quod
953 2306 973 2348 a
993 2286 1101 2350 uerbis

81 2371 300 2435 similitudinis
315 2370 528 2455 respondent,
551 2374 588 2434 ut
601 2372 647 2435 sic
663 2373 711 2435 ito
730 2371 870 2452 perinde.
905 2373 982 2434 sunt
1004 2369 1101 2434 etiam
1115 2379 1140 2421 2⁵

81 2456 271 2541 participem
310 2476 389 2539 quac
423 2457 455 2518 et
487 2454 639 2518 aduerbia
670 2458 702 2518 et
736 2455 980 2518 coniunctiones
1017 2475 1101 2518 com·

82 2541 173 2604 muni
195 2540 288 2604 modo
310 2540 475 2623 dicuntur,
498 2541 534 2602 ut
550 2539 712 2621 paulatim
726 2541 834 2618 utique
849 2540 944 2602 etium
959 2540 1102 2618 equidem

81 2627 201 2690 iutereu
217 2629 395 2707 praeterea.
433 2622 567 2687 dicimus
590 2622 676 2686 enim
697 2624 818 2687 iutereu
840 2622 1101 2686 coniunctionem

81 2709 274 2774 rationalem
295 2731 354 2793 pro
377 2728 457 2790 erqo.
496 2708 631 2772 dicimus
654 2706 750 2771 etiam
771 2707 892 2772 intereo
915 2705 1101 2770 aduerbinm

81 2795 235 2877 temporis
262 2815 321 2878 pro
349 2799 432 2859 tuuc.
478 2792 612 2857 dicimus
641 2792 737 2855 etiam
765 2791 828 2856 loci
855 2790 1042 2855 aduerbinm
1066 2794 1102 2856 ut
1115 2801 1140 2840 ³⁰

82 2879 147 2946 ubi.
179 2881 257 2942 tunc
279 2879 375 2943 etiam
397 2880 468 2962 ipso
491 2877 642 2941 dictionis
665 2876 828 2940 breuiatur
847 2878 990 2940 accentu.
1026 2879 1102 2939 sunt

82 2963 180 3025 etiam
203 2961 447 3027 coniunctiones
469 2962 680 3041 reuelutiuae‚
704 2982 785 3044 quae
801 2981 930 3024 sensum
944 2959 1100 3041 reuelant,

82 3049 118 3110 ut
139 3046 255 3112 seilicet
275 3047 418 3113 uidelicet
438 3048 541 3112 illicet.

84 3317 91 3330 ‚
150 3255 168 3328 t
179 3247 320 3327 orationes
332 3247 412 3369 Νιιθ
424 3248 456 3301 ut
468 3248 610 3330 addidet
644 3253 660 3328 t}
673 3251 743 3315 quot
753 3247 788 3302 N
796 3249 806 3315 ΙΙ
815 3254 834 3326 ,9
847 3247 915 3315 qnia
926 3245 960 3311 N
961 3246 978 3324 ,11
993 3251 1024 3300 10
1037 3261 1101 3324 con-

82 3314 273 3370 iunctromsN
280 3317 290 3384 ΙΙ
306 3314 585 3372 131nerAiroscom.
625 3317 1013 3384 ur‚uumqrost1nterepatrum
1023 3319 1101 3368 esim

82 3417 174 3472 coerce
186 3420 196 3486 ιι
228 3433 282 3472 uae
294 3417 348 3486 Nu
362 3421 393 3470 m
411 3415 562 3486 habetnu
578 3424 607 3472 ro
620 3385 738 3471 ‘¹¹²‘1ibu
754 3415 788 3469 Ν
800 3417 810 3494 [ι
828 3422 861 3469 m
878 3414 1088 3469 coniunctiones

81 3501 155 3554 quae
166 3435 304 3540 udd.Mui
313 3487 321 3556 ll
330 3484 689 3553 espanesmparrtermm
700 3485 710 3551 ll
723 3489 755 3537 29
766 3499 841 3537 emm
847 3482 894 3551 ΝΗ
903 3490 933 3538 31
942 3414 1102 3537 accentold
