2436 3840
454 177 476 235 Ι.
502 174 551 229 ΒΕ
569 174 723 230 NOMINE.
1039 175 1098 241 117

81 331 211 415 regulas
234 330 415 413 multasque
437 350 549 394 causas
571 328 679 392 habet.
717 327 881 392 enimuero
897 331 1023 412 praeter
1038 328 1099 393 ori·

82 414 222 498 ginalam
250 413 338 478 illam
368 436 464 498 quam
491 415 568 477 trito
598 433 708 476 omnes
730 432 877 476 sermone
900 415 933 477 eb
955 415 1099 478 oratione

81 500 246 581 locuntur,
274 499 308 562 id
337 502 386 563 est
413 519 486 562 cum
513 497 673 562 ablatiuus
702 518 811 560 cassus
834 497 882 560 siu
909 497 1007 561 ularia
1029 497 1064 561 in
1087 500 1100 562 i

80 584 170 659 finit,
199 584 244 646 sie
273 604 311 646 ex
333 583 405 647 aliis
428 583 513 667 argis
536 582 705 666 genetiuus
727 582 762 645 in
783 582 851 645 ium
873 517 991 665 plurali
1012 582 1099 646 finiri

82 669 177 744 solet,
201 687 273 731 uum
295 668 348 732 uel
369 668 402 731 iu
427 667 506 731 duas
529 666 738 730 samiuoaalas
759 666 980 730 nominatiuus
1001 666 1100 730 fuerit
1125 682 1138 722 5

80 751 286 828 terminatus,
310 773 391 835 quae
414 755 549 816 sunteas
572 755 604 814 et
624 771 673 833 rs,
697 754 730 814 et
752 750 910 814 ablatiuus
933 772 1041 816 cassus
1064 751 1099 815 in

81 836 287 902 edasinuerit
301 841 337 900 ut
351 856 454 914 mous,
478 855 547 913 ars,
570 855 652 915 sora,
676 854 775 916 murs,
787 837 946 918 prudeus,
961 837 1098 918 supieua,

80 924 207 1004 epipeda
230 924 263 984 et
278 921 420 985 ablatiuo
436 926 547 1003 moute,
571 925 647 1002 arte,
663 920 794 1004 <sorte>,
810 925 916 1001 pieria
934 922 1098 1003 prudente,

80 1007 236 1088 sapiente,
258 1007 389 1088 iupeate.
424 1026 491 1069 non
513 1026 590 1088 ergo
613 1003 709 1068 debet
731 1003 792 1068 dici
815 1004 955 1069 ablatiuo
978 1007 1018 1070 ab
1039 1006 1100 1070 bae

81 1092 146 1155 arti
168 1090 219 1154 uel
242 1092 354 1172 menti,
378 1090 453 1154 lieet
475 1088 1137 1173 ethocquidamcorruptissimedixe-1o
1169 1120 1170 1123 ¹

81 1175 156 1239 rint.
194 1177 227 1238 et
248 1176 400 1259 genetiuo
422 1173 540 1258 plurali
563 1175 609 1237 sie
632 1173 818 1237 dicendum:
848 1176 1021 1257 montium,
1045 1196 1099 1240 ur·

81 1261 175 1338 tiam,
203 1261 365 1340 partium,
394 1260 557 1335 mortium,
575 1259 799 1340 prudentium,
821 1260 1029 1340 sapientiam,
1051 1260 1099 1322 a·

78 1346 229 1424 pedatiam.
258 1344 355 1407 tertia
370 1346 477 1407 autem
494 1342 621 1406 additur
635 1341 756 1426 regula,
772 1341 813 1405 ub
828 1363 923 1426 quam
939 1343 1100 1407 ablatiuus

81 1448 188 1492 cassus
217 1430 252 1491 iu
274 1448 290 1492 e
312 1431 344 1491 et
371 1427 541 1512 genetiuus
571 1447 678 1490 cassus
705 1426 740 1491 in
768 1427 835 1492 iam
857 1428 1003 1512 finiatur,
1026 1449 1097 1491 oum

81 1513 210 1594 generis
232 1511 381 1576 feminini
403 1533 522 1577 nomen
545 1512 579 1576 in
602 1533 617 1576 e
640 1513 819 1594 correptam
842 1512 984 1576 ablatiuo
1008 1533 1098 1577 cassu
1115 1523 1138 1563 1⁵

80 1596 271 1678 desinuerit‚
300 1601 336 1660 ut
364 1599 404 1662 ab
433 1598 494 1662 bue
522 1597 623 1677 elude,
653 1597 693 1661 ab
722 1596 782 1660 bae
803 1597 946 1678 ciuitate,
977 1598 1016 1662 ab
1039 1598 1100 1664 leue

79 1683 211 1763 utrae,
240 1683 280 1747 ab
308 1682 368 1746 liae
396 1682 485 1756 arbe,
518 1681 558 1745 ab
580 1681 640 1746 bue
658 1680 761 1761 fame,
791 1682 832 1746 ab
854 1682 913 1746 bue
934 1683 1028 1759 mole,
1059 1683 1099 1746 ab

80 1764 140 1830 hue
167 1767 281 1848 quiete,
313 1767 345 1827 et
372 1765 559 1848 genetiuum
580 1763 736 1847 pluralem
759 1765 791 1827 in
816 1767 884 1829 ium
907 1767 1042 1829 mittunt
1063 1771 1100 1829 ut

80 1850 236 1929 eludium,
268 1849 462 1930 ciuitatium,
485 1850 670 1927 uirtutium,
693 1849 837 1930 urbiam,
858 1848 1012 1933 famiam,
1034 1870 1099 1914 mo·

81 1934 174 2017 iiam,
198 1934 400 2016 (quietim)
439 1933 518 1997 haec
540 1932 579 1996 de
602 1932 765 2016 genetiuo.
1114 1951 1139 1992 au

165 2018 263 2084 Nune
285 2017 413 2081 datiuus
435 2038 544 2081 cassus
567 2017 644 2101 quid
667 2017 831 2099 ostendat,
859 2037 898 2080 ex
920 2038 1030 2082 eorum
1053 2039 1100 2082 sa-

80 2104 243 2186 quendum
266 2105 316 2166 est
337 2103 459 2187 regulis
482 2106 514 2166 et
536 2102 657 2178 uerbis,
683 2102 738 2185 qui
761 2102 800 2165 da
822 2101 959 2186 siugulis
982 2103 1100 2167 artium

79 2188 258 2253 rationibus
281 2188 352 2270 lega
381 2190 415 2252 et
441 2187 572 2252 adsidua
599 2188 683 2252 sieut
711 2186 891 2251 didicerunt
912 2187 959 2251 ita
982 2191 1015 2252 eb
1036 2192 1100 2252 tra-

80 2272 244 2335 diderunt:
265 2273 395 2336 dulium
414 2271 566 2355 inquiunt
586 2291 693 2338 cussus
713 2272 947 2338 ueraueuiutim
968 2273 1100 2338 uerbum

79 2356 222 2420 ueairuie
249 2357 450 2421 demonstrat.
488 2356 544 2419 sed
572 2359 682 2420 tamen
704 2378 769 2420 non
791 2377 849 2439 per
872 2357 981 2422 omnia
1002 2357 1139 2422 uerbaas

79 2442 141 2502 neb
163 2459 271 2502 cassus
293 2437 372 2502 haec
394 2440 506 2522 regula
528 2439 685 2504 seruanda
707 2443 771 2520 est,
794 2440 822 2503 si
844 2441 1037 2523 specialibus
1052 2442 1100 2506 iu-

80 2521 257 2605 uentubus‚
292 2522 578 2586 consuetudinibus
610 2523 854 2606 rationibusque
885 2527 1000 2602 seruit,
1034 2527 1099 2589 acsi

80 2607 166 2671 dicas
191 2607 299 2689 plueeo
327 2608 399 2686 tibi,
428 2607 573 2688 displiceo
595 2608 668 2689 tibi,
695 2608 817 2690 puudeo
839 2607 897 2672 tibi
919 2613 952 2671 et
973 2608 1100 2674 similia.

79 2691 206 2756 datiuus
222 2713 330 2756 cassus
345 2692 380 2755 in
395 2694 408 2756 i
423 2713 549 2774 semper
564 2693 637 2756 aeui
651 2691 761 2764 debeb,
785 2694 918 2774 excepto
934 2692 990 2756 illo
1008 2713 1100 2757 cassu

78 2778 134 2861 qui
162 2779 315 2861 quattuor
343 2776 476 2861 syllabis
503 2780 705 2854 numeratur,
738 2776 784 2840 ita
812 2775 979 2840 dumtaxat
1005 2782 1042 2842 ut
1063 2777 1098 2842 in
1112 2803 1139 2846 aa

78 2862 279 2927 nominatiuo
301 2864 367 2925 tres
390 2861 531 2945 syllabae
554 2862 619 2926 sint
640 2861 766 2946 positae
788 2863 824 2924 ut
839 2865 991 2943 potestus,
1020 2865 1099 2928 eiai-

79 2951 146 3028 tas,
164 2947 283 3028 pietus,
311 2947 453 3012 claritas.
491 2946 518 3010 si
539 2950 648 3011 autem
671 2944 898 3029 dissyllabatus
919 2947 1019 3012 fuerit
1040 2970 1099 3012 no-

78 3030 252 3094 minatiuus
281 3051 389 3094 cassus
417 3031 606 3114 singularis,
635 3034 667 3095 at
689 3033 823 3114 utraque
846 3030 969 3113 syllaba
991 3033 1099 3096 breuis

146 3273 159 3318 1
178 3282 190 3329 s
208 3264 312 3318 multas
329 3265 364 3318 N
373 3266 377 3334 l
396 3267 439 3318 af.
460 3280 603 3319 sermones
622 3261 652 3320 dt
669 3252 754 3321 onord
774 3266 946 3321 etloeuntur
962 3266 996 3320 N
1006 3267 1045 3334 114
1063 3266 1100 3320 sit

78 3348 112 3384 ex
131 3333 181 3386 alis
199 3333 233 3387 N
242 3334 252 3402 ΙΙ
264 3333 334 3403 ium]
352 3334 363 3387 i
416 3348 485 3389 corr.
499 3332 564 3386 Mai
575 3334 614 3402 nt
632 3333 745 3388 vocales
762 3335 832 3388 semi
843 3334 878 3388 N
886 3335 896 3402 l
908 3340 942 3389 20
960 3333 1099 3403 quietium

77 3399 262 3526 ἕξειξηέίαῆῃ
283 3407 316 3454 22
339 3400 445 3471 regalis
466 3400 501 3455 N
519 3402 529 3469 fl
547 3407 580 3455 26
601 3402 703 3470 regula
725 3417 793 3458 corr.
816 3417 850 3456 ea
872 3401 968 3471 regala
990 3401 1048 3470 Nn
1066 3407 1099 3457 29
