2436 3840
118 165 178 229 128
354 164 504 219 VIRGILII
520 163 685 219 Minonis
702 163 911 220 nrlsronnn.

116 317 232 382 Troiae
260 317 446 381 bellatorem
475 318 611 382 laudans
630 318 709 399 felic
730 318 836 401 inquit
857 319 909 383 illc
931 317 1057 383 Aeacos
1081 322 1139 400 qui

116 405 214 468 metes
237 404 337 466 nidor
360 402 460 466 Troia
478 403 564 484 fcpit
588 404 717 467 incensa
738 407 831 482 atque
852 404 888 467 io
911 402 1045 467 Indiam
1062 425 1138 486 per·

114 507 190 570 pens
215 489 355 568 quiaque
377 489 534 551 continete
550 488 713 568 proelians
739 488 836 550 aunis
863 488 966 550 citam
992 487 1140 552 bellando

114 572 246 651 feliciter
273 573 389 654 finiuit.
424 572 458 634 in
486 570 603 634 molam
632 572 728 635 etiam
755 579 879 653 partem
903 570 989 653 quod
1011 573 1064 636 ille
1087 594 1140 637 ao·

89 656 269 740 sopiatur,
303 655 509 719 manifestum
542 659 592 719 est
625 676 663 718 ex
692 655 771 736 ipsis
799 653 935 718 Isceni
971 656 1139 720 cuiusdam

117 741 273 804 Affrieani
295 740 511 818 sermonibus,
536 740 650 822 quibus
673 739 837 821 uituperat
852 738 1017 803 Donatum
1040 763 1140 822 quen·

117 825 190 888 dam
219 846 350 889 auarum
385 825 507 888 uirum:
540 826 620 905 quid
641 825 739 905 faciet
766 824 878 906 inquid
906 825 959 889 ille
987 823 1141 891 Donatus

118 929 241 975 cuorus
261 911 297 973 io
307 911 463 991 proportio,
487 911 618 990 cupidus
632 910 668 972 io
684 909 812 987 allento,
832 909 890 989 fur
904 908 1032 973 norae?
1051 910 1138 994 huic,

117 994 199 1077 quod
212 993 425 1075 subostendit,
441 993 516 1057 lieet
530 992 593 1057 alio
606 993 731 1073 itinere,
747 992 895 1056 uolumus
908 994 1040 1056 edocere
1050 994 1140 1059 inter

80 1098 104 1138 10
118 1079 266 1161 cupidum
289 1083 322 1142 et
343 1099 483 1143 auorum
505 1078 581 1160 quid
603 1079 744 1160 intersit3
773 1080 906 1158 cupidus
926 1099 1066 1162 namque
1090 1084 1141 1143 est

118 1165 173 1248 qui
195 1165 284 1246 cupit
305 1184 431 1247 semper
453 1184 585 1247 augere3
608 1182 732 1227 auarus
748 1167 855 1225 autem
870 1163 925 1246 qui
940 1169 1140 1248 congregata

117 1252 282 1312 retentans
311 1248 392 1311 nulli
421 1248 569 1330 largitur.
611 1249 668 1311 iste
699 1249 925 1329 cuiuscumque
957 1249 1139 1312 communis

117 1355 154 1397 ac
176 1333 298 1397 uilioris
320 1332 397 1395 lieet
418 1333 556 1396 habetur
577 1352 743 1414 personae.

203 1417 251 1479 De
274 1416 418 1479 articulis
441 1422 547 1479 autem
569 1415 801 1480 nonnullorum
824 1415 949 1478 diuersa
972 1417 1137 1481 sententia

80 1518 104 1557 15
118 1505 180 1582 est3
202 1500 335 1564 tradunt
357 1501 442 1562 enim
464 1501 594 1582 quidam
617 1501 658 1564 ob
680 1499 713 1562 id
735 1504 791 1563 aut
807 1499 977 1563 articulata
990 1500 1139 1584 iudicari,

117 1585 192 1669 quia
219 1605 291 1648 oum
314 1584 392 1665 ipsis
415 1585 600 1648 nominibus
623 1606 688 1647 una
710 1583 884 1647 flectuntur
906 1590 942 1646 ut
963 1585 1013 1648 lte
1034 1584 1137 1668 bomo,

116 1670 212 1736 huius
239 1668 385 1734 hominis.
423 1669 508 1750 quod
538 1669 565 1731 si
587 1670 635 1732 ita
657 1671 720 1750 est,
749 1669 874 1749 eligant
896 1673 1004 1732 utrum
1027 1671 1140 1733 omnia

117 1753 311 1837 pronomina
333 1752 468 1816 articula
491 1759 624 1834 nocent,
647 1753 721 1837 quia
736 1753 771 1816 in
787 1752 1001 1817 declinatione
1019 1759 1139 1818 cuncta

118 1839 304 1904 nominibus
326 1837 405 1920 ipsis
427 1837 580 1901 adherere
602 1842 754 1921 possunt,
786 1859 828 1900 an
851 1859 927 1902 uero
950 1838 1076 1902 nullum
1099 1861 1139 1903 ex

78 1940 104 1980 20
118 1923 258 1988 articulis
282 1926 415 2005 excepto
436 1923 487 1987 leia
514 1924 550 1987 in
577 1923 748 1988 articulum
770 1922 958 2004 recipiatur,
988 1923 1139 2006 quiace·

116 2016 187 2073 tera
208 2011 344 2091 possunt
364 2007 511 2070 semotim
534 2006 703 2089 declinari,
727 2008 916 2089 praesertim
939 2029 1010 2071 eum
1033 2012 1067 2072 et
1089 2009 1142 2074 tic

117 2092 289 2176 separatim
319 2112 393 2173 sepe
421 2090 646 2157 auscultemus.
684 2093 747 2154 ista
768 2096 844 2155 sunt
865 2092 916 2156 lete
936 2094 966 2156 is
987 2094 1059 2173 quis
1082 2097 1141 2175 qui

118 2182 151 2241 tu
179 2196 225 2259 sc,
253 2176 329 2239 licet
356 2196 389 2238 se
418 2176 655 2240 nominatinum
683 2197 807 2239 cassum
836 2181 951 2243 careat.
991 2176 1077 2240 unde
1106 2183 1142 2243 et

117 2260 197 2323 mihi
220 2259 327 2323 uerius
349 2258 490 2332 uidetur,
521 2262 605 2342 quod
628 2260 732 2324 nostri
753 2258 920 2343 adserunt,
943 2281 1038 2324 omne
1061 2283 1137 2344 pro-

78 2363 105 2404 as
119 2365 237 2408 nomen
250 2343 470 2427 monosyllabe
481 2345 651 2408 articulum
663 2344 736 2420 dici,
751 2344 834 2427 quod
847 2347 984 2409 maxime
996 2343 1139 2412 Cicero

118 2429 305 2493 adsentitur.
328 2428 498 2492 articulum
514 2430 684 2494 manifeste
701 2430 927 2493 diminutiuum
943 2434 992 2494 est
1007 2431 1138 2515 deante,

117 2513 202 2577 unde
231 2517 263 2578 et
289 2513 398 2577 multis
426 2514 554 2577 uidetur
580 2517 657 2578 tunc
688 2514 859 2577 articulum
893 2515 972 2597 diei,
1007 2517 1141 2598 quondo

117 2597 338 2683 monosyllabo
360 2598 460 2662 fuerit
480 2602 517 2662 ut
538 2600 589 2664 hic
611 2600 681 2681 quis
702 2601 745 2676 is,
776 2602 809 2661 et
830 2599 891 2663 hoo
913 2599 1037 2684 figurae
1060 2601 1140 2664 sim-

117 2685 226 2767 plieis3
256 2705 328 2748 eum
350 2688 457 2747 autem
480 2686 693 2766 compositum
715 2683 829 2763 fuerit,
854 2685 1077 2767 <pronomen>
1101 2690 1141 2750 ut

78 2787 104 2827 ⁸0
117 2770 263 2850 quisque,
285 2769 383 2851 idem,
406 2768 497 2833 hicce.
531 2768 608 2831 haec
631 2768 669 2831 de
692 2767 846 2831 articulis.

204 2853 265 2915 Pro
288 2853 393 2917 dolor!
423 2873 500 2917 sane
522 2857 555 2916 et
577 2852 665 2917 omni
687 2852 894 2916 miseratione
918 2852 1053 2936 dignum
1076 2858 1140 2936 est,

118 2936 201 3019 quod
216 2936 309 2999 multi
324 2935 403 3000 haec
419 2937 553 3000 articula
564 2937 738 3001 secundum
751 2936 894 3000 ordinem
908 2943 1138 3021 corruperunt:

18 3037 23 3048 ·
117 3042 193 3084 nam
216 3042 298 3103 quae
320 3022 525 3086 subiunctiuo
547 3043 614 3086 esse
637 3022 833 3105 debuerunt,
855 3022 1073 3105 praepositius
1089 3022 1140 3088 fe-

187 3230 199 3276 1
218 3224 316 3276 troeae
335 3221 369 3275 N
377 3224 415 3290 lt
434 3224 495 3294 qui]
516 3224 584 3292 quin
601 3225 635 3279 N
644 3225 653 3292 ΙΙ
666 3224 812 3279 incensare
825 3224 859 3278 N
867 3226 877 3294 l
890 3231 906 3280 3
919 3222 1066 3279 contenuis
1078 3224 1114 3278 N
1124 3227 1138 3297 Η

117 3331 133 3378 6
146 3324 310 3400 donativum
322 3323 356 3376 N
365 3322 375 3390 l
391 3329 421 3376 12
440 3326 592 3380 commonie
604 3325 635 3379 N
647 3328 656 3390 ΙΙ
670 3332 703 3380 14
720 3326 914 3394 anticulile
928 3331 959 3380 15
971 3303 1065 3392 iudicii
1077 3327 1112 3380 N
1124 3330 1137 3397 Η

118 3398 150 3448 18
168 3407 334 3460 pronomine
353 3390 387 3445 N
395 3392 406 3459 ΙΙ
419 3399 450 3445 22
469 3393 622 3448 seultemus
639 3394 673 3447 N
682 3394 692 3462 ΙΙ
705 3401 738 3449 25
755 3410 839 3449 mono
853 3393 1073 3463 dissyllabaeN
1081 3397 1091 3462 l
1105 3401 1141 3451 29

117 3460 305 3530 compositum
323 3460 357 3513 N
366 3461 376 3529 l
387 3476 543 3529 pronomen
561 3462 627 3520 add.
645 3462 717 3516 Mai.
