2436 3840
122 158 183 222 150
347 153 500 209 vinoun
517 153 681 209 nunonis
698 153 907 211 aersroma.

120 309 218 373 habes
248 329 320 373 ecoe
348 308 384 371 in
412 307 524 392 primis
554 307 741 391 qualitatem
769 308 859 372 uerbi
887 328 945 392 per
972 309 1085 374 modos
1111 315 1146 375 et

119 395 242 458 formas
256 393 288 457 X
310 393 432 477 species
453 392 640 457 habentem.
674 392 761 457 modi
777 393 934 476 siquidem
948 414 1004 457 sex
1018 394 1145 460 haben-

120 482 174 542 tur
202 481 234 542 et
262 478 384 543 formae
411 480 570 560 quattuor.
605 476 705 541 habes
726 480 852 541 ternam
875 478 1141 563 coniugationem

120 563 316 647 quinamque
323 562 604 647 significationem.
619 561 672 625 hic
682 562 1142 646 octospeeiesooncluduntur.

95 668 178 731 sper
200 647 359 730 duplicem
382 649 490 711 autem
511 646 649 731 figuram
672 649 704 710 et
727 646 853 710 dualem
875 667 1044 712 numerum
1058 648 1144 714 haee

119 735 283 816 <summa>
305 731 514 816 suprascripti
538 735 752 795 consumatur.

204 815 324 880 Uerum
347 837 445 900 quare
466 819 593 900 tempus
615 816 700 900 quod
720 821 850 880 ternum
871 821 919 881 est
946 822 979 881 et
999 838 1144 900 persona

119 921 202 984 quae
217 921 317 984 aeque
331 906 425 965 terna
441 922 509 965 esse
524 901 805 982 animaduertitur,
828 923 867 965 ex
882 901 944 966 hoc
960 901 1143 985 excipiatur

118 1006 270 1068 numero,
298 984 382 1050 forte
408 986 599 1071 requiratur.
636 985 799 1050 sciendum
822 986 955 1069 proinde
977 990 1026 1050 est
1048 986 1141 1052 istoi-

81 1093 106 1152 ¹⁰.
120 1091 230 1134 corum
257 1069 343 1135 huno
372 1093 440 1135 esse
467 1091 605 1149 morem,
634 1073 671 1133 ut
693 1092 765 1135 oum
786 1075 900 1154 typum
922 1070 1063 1155 aliquem
1087 1073 1144 1136 uel

118 1175 288 1219 numerum
309 1156 517 1239 praetendere
540 1153 712 1219 uoluerunt
719 1204 727 1236 ,
747 1156 819 1220 'non
840 1158 907 1219 tarn
929 1158 1030 1220 totam
1055 1177 1143 1220 sum·

118 1260 189 1304 mae
221 1240 472 1338 plenitudinem,
511 1262 607 1325 quam
640 1240 725 1323 quod
764 1239 804 1304 ad
834 1243 947 1338 typum
977 1240 1144 1324 pertineat

117 1328 867 1494 usuruuruuuuaurun
888 1330 1145 1494 {litlot

79 1515 105 1556 rs
119 1497 314 1579 peruentans
329 1497 481 1576 quattuor
495 1497 623 1558 tantum
642 1495 770 1559 uocales
791 1494 901 1559 literas
921 1497 1143 1560 numerandas

119 1599 187 1641 esse
210 1577 370 1642 censebat.
409 1578 498 1642 cuius
519 1578 566 1642 rei
588 1578 746 1644 rationem
769 1600 839 1643 curn
862 1578 903 1643 ab
926 1600 963 1643 eo
979 1578 1145 1646 Aeneas

117 1683 207 1725 rneus
228 1663 442 1745 perquireret,
465 1662 640 1746 tranquillo
662 1663 800 1728 reddidit
824 1663 990 1728 effamine:
1021 1667 1144 1732 samus

117 1746 224 1830 inquit
245 1751 274 1812 ct
294 1767 351 1812 reos
372 1748 497 1830 quidem
519 1750 657 1830 quiaque
679 1768 741 1813 esse
757 1749 894 1831 litteras,
918 1768 1000 1830 quoe
1014 1751 1144 1817 uocales

117 1832 280 1915 diruatur,
303 1837 482 1898 nostrorum
503 1838 608 1898 tamea
629 1838 766 1898 ueterum
781 1837 955 1917 pareatum
972 1853 1039 1899 mos
1055 1839 1144 1900 cati-

79 1940 105 1981 ao
118 1918 229 1995 queris
250 1923 332 2001 erat,
355 1923 391 1983 ut
410 1919 533 1983 audam
555 1937 722 1984 numerum
743 1918 858 1997 absque
879 1922 950 2000 typo
976 1938 1144 1986 mensuro-

116 2006 196 2066 reat.
225 2003 308 2067 cade
329 2004 408 2084 qaia
430 2004 644 2084 quinqueaam
665 2004 885 2085 suppotattone
906 2004 1006 2068 doleo
1027 2024 1144 2070 aame-

117 2105 187 2149 rum
201 2087 309 2151 nudus
322 2088 499 2153 cardinalis·
511 2089 711 2168 praecesserit
727 2091 834 2169 typus,
849 2092 997 2170 quattuor
1012 2092 1145 2155 tantam

116 2170 240 2235 uocales
260 2172 380 2236 litteras
399 2172 561 2236 subtracto
577 2169 632 2237 ·U·
644 2173 867 2255 princepaliter
884 2180 1142 2240 commacerant.

116 2252 169 2317 uel
196 2257 281 2317 certe
308 2254 349 2318 ob
377 2254 440 2319 hoc
468 2255 598 2338 quidam
619 2277 642 2320 u
663 2255 788 2319 literam
810 2257 896 2320 inter
918 2257 1047 2322 uocales
1068 2279 1142 2325 non

78 2361 104 2403 as
116 2340 338 2420 receptarunt,
363 2339 437 2421 quia
459 2360 526 2403 non
548 2343 616 2403 tam
638 2342 782 2405 noralem
803 2345 929 2406 ueteres
952 2363 1049 2426 quarn
1072 2364 1143 2409 am-

116 2421 247 2506 biguam
270 2422 424 2506 appellari
447 2423 561 2489 debere
584 2424 770 2509 credebant,
794 2426 868 2509 quia
891 2426 1060 2510 aliquoties
1076 2449 1143 2512 pro

116 2506 237 2586 uooali,
260 2507 429 2591 aliquoties
452 2530 511 2593 pro
533 2513 622 2574 muta
644 2510 807 2594 accipitur.
845 2510 899 2575 sed
920 2512 984 2575 hoc
1006 2512 1143 2581 silentio

115 2592 418 2674 praetermittamus.

199 2677 261 2742 Illa
282 2682 390 2742 autem
410 2679 508 2760 ratio,
532 2680 574 2743 ob
594 2700 690 2763 quam
704 2683 855 2763 quattuor
874 2680 1001 2746 uocales
1024 2681 1142 2749 literas

76 2783 103 2825 ³⁰
116 2762 733 2928 atiqtzttttttt{ullsttttt
752 2766 1142 2933 {locuuntur

172 2895 180 2926 ‚
1130 2891 1142 2902 .

184 3154 197 3201 1
217 3149 305 3204 habet
322 3150 357 3206 N
367 3151 380 3219 ll
395 3155 412 3204 4
430 3151 635 3207 concludantur
652 3152 686 3206 N
699 3154 741 3222 115
756 3153 908 3220 posthaec
927 3155 1050 3222 spatium
1068 3157 1144 3211 3-4

115 3216 169 3270 litt.
182 3216 215 3270 N
224 3218 234 3287 ΙΙ
247 3225 262 3272 6
281 3234 391 3288 summa
408 3218 474 3272 add.
488 3219 552 3273 Mor'
564 3221 574 3288 ΙΙ
586 3224 797 3274 consummatur
814 3221 879 3277 Mai
891 3222 900 3289 ΙΙ
913 3227 929 3275 8
948 3224 977 3276 et
988 3221 1042 3275 hoo
1054 3220 1092 3276 N
1101 3225 1112 3292 l
1125 3231 1142 3279 9

114 3283 298 3339 histoicorum
315 3285 350 3340 N
364 3287 373 3354 ΙΙ
393 3291 424 3340 10
441 3287 572 3356 tympum
589 3287 625 3343 N
637 3289 646 3356 ΙΙ
668 3295 696 3342 12
715 3289 791 3356 quod
810 3306 895 3357 quarn
912 3289 947 3343 N
960 3291 969 3358 ΙΙ
985 3294 1015 3342 15
1032 3288 1142 3345 litteris

114 3383 150 3437 N
158 3386 167 3452 l
183 3392 213 3440 16
231 3365 367 3441 ceiidebat
383 3386 418 3441 N
427 3388 436 3456 ΙΙ
451 3393 481 3441 17
499 3404 578 3442 meos
595 3390 628 3444 N
638 3392 647 3458 ss
662 3396 693 3444 19
711 3406 791 3444 mons
806 3390 841 3444 N
848 3392 858 3460 11
871 3397 903 3446 20
920 3393 1026 3459 typpus
1037 3389 1072 3444 N
1082 3393 1093 3459 ΙΙ
1106 3398 1142 3448 23

103 3451 270 3508 subnectat
284 3454 319 3510 N
328 3455 341 3524 ll
354 3461 386 3511 28
402 3456 620 3526 praemittamus
637 3457 671 3511 N
685 3473 754 3513 corr.
772 3458 843 3517 Mai.
