2436 3840
133 149 175 214 98
546 147 739 202 APPENDIX.

133 305 197 378 est,
221 300 306 365 facia
328 300 503 364 similitudo
526 301 560 364 in
583 301 716 386 pictura.
754 302 845 384 origo
869 301 1004 385 originis
1022 302 1154 368 initium

132 389 194 466 est,
224 388 258 449 at
280 387 371 470 origo
393 386 537 469 origonis
560 395 711 451 neutrum
734 388 782 450 est
804 390 837 450 et
860 390 908 450 est
929 386 1037 450 uelum
1059 390 1153 453 nauis

132 475 165 534 et
192 470 290 533 habet
317 470 352 534 in
379 471 497 553 plurali
519 492 652 534 numero
674 471 820 554 erigona.
858 474 1009 535 canterus
1032 473 1154 537 animal

132 558 195 637 est,
225 558 374 619 cauturus
403 559 535 620 cantara
563 555 697 619 dicimus
730 555 922 620 domuncula
951 556 1154 621 conclauium

110 639 260 720 5domus‚
283 639 479 704 domicilium
494 641 606 704 nidum
621 642 699 704 auis.
735 640 892 705 diluuium
910 641 1080 705 inundatio
1095 642 1153 706 im-

131 725 296 789 moderata
311 746 428 809 aquae,
444 724 605 788 deluuium
621 726 831 790 sanctificatio
848 728 907 790 est.
941 726 1027 790 inter
1042 747 1152 809 opera·

131 811 252 874 tionem
280 811 312 873 et
334 831 413 892 opus
436 812 469 872 et
490 830 621 893 operam
644 810 706 875 hoc
727 810 864 874 interest
886 831 982 893 quam
1005 813 1151 895 operatio

75 948 80 962 1
132 894 332 977 singulorum
354 897 421 976 est,
445 915 524 977 opus
546 894 695 979 generale
718 900 767 959 est
789 895 878 959 omni
900 894 1023 978 officio;
1052 917 1151 979 opera

132 981 239 1042 autem
267 978 423 1063 singulari
450 999 583 1043 numero
608 978 770 1043 laboriosa
792 979 973 1043 sollicitudo
998 984 1047 1044 cst
1069 1002 1151 1063 quae

94 1064 303 1147 10praecipue
329 1064 469 1128 animam
498 1066 630 1128 cruciat.
667 1063 728 1128 EX
749 1063 948 1129 ΕΡΙΤΟΜΑ
969 1063 1025 1128 VI.
1063 1063 1154 1130 Inter

131 1169 249 1212 nomen
272 1151 306 1212 et
326 1169 505 1231 pronomen
527 1148 589 1214 hoo
611 1149 747 1212 interest
767 1149 851 1232 quod
873 1169 1051 1232 pronomen
1068 1170 1152 1212 com-

129 1233 297 1317 paratione
318 1253 429 1298 carens
449 1255 620 1317 personam
634 1233 732 1298 habet
745 1239 782 1297 ut
801 1255 861 1318 ego
882 1237 919 1297 tu
937 1232 1009 1316 ille;
1031 1254 1152 1298 nomen

130 1321 237 1383 autem
260 1339 401 1401 persona
422 1318 546 1383 abiecta
570 1319 844 1402 comparationem
866 1318 983 1401 recipit
1003 1323 1041 1382 ut
1057 1340 1149 1383 carus

130 1403 231 1468 carior
260 1402 450 1470 carissimus.
482 1403 620 1487 legimus
647 1402 734 1468 flecti
760 1404 824 1466 mei
852 1403 904 1467 uel
927 1404 988 1467 mis
1011 1403 1066 1467 sed
1089 1406 1150 1468 mis

94 1513 118 1553 15
132 1487 249 1551 dicitur
272 1487 334 1550 nisi
358 1486 396 1550 de
420 1509 457 1550 ca
477 1509 512 1551 re
535 1510 630 1571 quam
650 1488 731 1556 mihi
745 1488 786 1551 ab
801 1488 909 1571 aliquo
925 1487 1151 1570 repromissam

131 1592 222 1655 spero
244 1575 445 1647 euenturam‚
469 1572 532 1634 mei
553 1576 660 1637 autem
676 1573 714 1636 de
731 1593 818 1636 eare
833 1572 981 1656 quemad
998 1592 1151 1655 praesens

130 1655 286 1738 possideo.
310 1654 370 1719 EX
389 1654 586 1722 EPITOMA
601 1655 659 1722 XI.
682 1655 765 1732 Quid
775 1657 911 1721 interest
920 1657 1006 1722 inter
1017 1657 1152 1721 uerbum

130 1744 163 1806 et
185 1761 366 1805 sermonem
389 1744 422 1804 et
444 1742 637 1806 sententiam
660 1744 693 1807 et
714 1741 874 1826 loquelam
897 1742 1149 1825 orationemque.

130 1826 263 1890 uerbum
286 1828 335 1891 est
356 1847 452 1890 omne
474 1827 558 1911 quod
573 1827 686 1912 lingua
700 1826 863 1910 profertur
878 1830 912 1890 et
925 1848 1012 1891 uoce.
1047 1847 1152 1890 sermo

92 1939 117 1980 1ο
130 1915 237 1975 autem
265 1911 355 1977 cuius
384 1932 503 1976 nomen
527 1934 566 1976 ex
588 1912 712 1976 duobus
734 1910 842 1975 uerbis
865 1912 1079 1994 compositum
1102 1915 1152 1975 est

130 1997 193 2060 hoc
222 1998 271 2059 est
300 1996 435 2060 serendo
464 1999 497 2059 et
523 1996 683 2060 monendo
711 1998 870 2079 comptior
893 2017 930 2060 ac
952 1996 1150 2080 diligentior.

130 2080 291 2145 sententia
312 2101 389 2144 uero
412 2101 493 2164 quae
513 2102 609 2144 sensu
626 2080 816 2164 concipit-ur.
849 2101 945 2164 porro
960 2080 1086 2165 loquela
1103 2086 1152 2145 est

130 2165 280 2249 quoniam
316 2185 388 2229 cum
417 2164 553 2247 quadam
582 2164 766 2249 eloquentia
795 2166 945 2230 dictionis
973 2165 1050 2229 ordo
1077 2187 1151 2248 pro-

129 2249 258 2314 texitur.
301 2249 405 2312 oratio
435 2251 484 2313 est
511 2249 639 2332 quando
669 2271 770 2334 usque
798 2251 838 2314 ad
866 2272 1020 2315 manuum
1048 2252 1151 2314 artem

90 2359 116 2400 25
129 2332 331 2397 describendi
353 2336 423 2397 orat
444 2333 532 2416 prius
556 2355 661 2398 sermo
690 2337 888 2418 praeueniat.
925 2334 965 2398 In
985 2333 1063 2399 1111.
1086 2336 1151 2418 epi-

129 2422 226 2483 toma,
272 2416 356 2480 male
391 2417 520 2500 quidam
553 2417 696 2502 loquelas
728 2419 764 2484 in
798 2420 977 2485 elocutione
1011 2418 1152 2504 intelligi

129 2503 244 2567 uolunt
265 2501 355 2567 cuius
377 2501 501 2587 loquele
523 2525 582 2586 per
605 2525 642 2567 ·e·
665 2507 699 2567 et
721 2504 752 2567 ·l·
776 2527 877 2570 unum
900 2503 1088 2579 scribendae
1110 2505 1151 2568 ad

128 2587 304 2674 perfectam
327 2587 492 2671 pertinent
514 2588 762 2671 eloquutionem.
796 2589 836 2653 In
850 2588 944 2654 VHl.
961 2589 1063 2654 clamo
1087 2589 1149 2652 cla-

129 2675 227 2738 moris
255 2673 410 2758 simplicis
438 2675 496 2738 est.
535 2673 700 2744 conclamo
729 2674 826 2738 simul
854 2694 926 2738 cum
955 2672 1066 2736 multis
1089 2679 1151 2756 est,

90 2782 116 2822 ao
130 2759 227 2824 etiam
249 2759 390 2824 acclamo
414 2780 487 2822 cum
508 2757 591 2823 falso
614 2758 755 2842 aliquem
775 2778 890 2823 accuso
911 2758 994 2821 sicut
1008 2754 1151 2822 Cicero

130 2846 169 2908 de
196 2845 289 2925 proui
321 2844 443 2926 pressio
477 2843 523 2907 ait
560 2843 648 2908 ‘solis
680 2844 834 2908 innocens
866 2841 1151 2907 acclamationibus

129 2929 261 3011 punitus
289 2934 358 2991 est’.
395 2929 533 2992 reclamo
556 2928 696 3013 aliquem
718 2931 888 2994 exeuntem
910 2925 1073 3004 uocitans,
1102 2928 1150 2990 in-

131 3013 233 3078 clamo
257 3015 289 3075 et
311 3012 470 3078 succlamo
493 3014 713 3078 murmurandi
733 3016 796 3094 est,
819 3013 983 3098 proclamo
997 3010 1151 3075 laudandi

129 3097 181 3162 uel
210 3096 422 3179 depraecandi
449 3098 611 3163 exaltatio.
654 3099 797 3163 declamo
826 3095 1066 3177 rethorirando‚
1098 3116 1151 3160 ex-

90 3205 116 3247 11
130 3183 231 3248 clamo
254 3181 381 3264 quando
403 3202 463 3265 pro
486 3182 608 3247 uiribus
630 3204 742 3247 uocem
758 3183 859 3248 eleuo.
896 3183 979 3247 salto
995 3179 1150 3266 gaudium

130 3290 202 3333 cum
226 3266 362 3350 quodam
378 3267 593 3331 membrorum
607 3273 698 3332 motu
713 3268 929 3351 praetendens
944 3267 1000 3332 sed
1015 3266 1047 3330 in
1066 3285 1151 3329 com·

130 3392 136 3398 .
154 3391 332 3399 v„pu—..mmmm

199 3457 230 3505 tt
249 3454 330 3520 ῆ1123
349 3451 414 3521 qud.
