2436 3840
213 156 273 211 XV.
300 155 349 210 DE
368 155 562 212 caratoeo
582 156 920 215 GRAMMATICORUM.
1034 157 1074 223 91

56 314 166 393 rapoto
188 330 250 392 pro
277 309 449 374 uirtutibus
476 310 664 390 quibusdum
688 313 851 393 superbia·
878 312 1075 377 sunomiooo

57 413 142 493 auus
160 415 221 542 pro
243 395 527 542 qqopiouchuuitute
540 393 606 460 Do·
628 395 695 460 alti.
733 396 796 459 hoc
816 417 941 479 semper
956 417 1074 480 genere

56 500 146 545 urrus
181 499 262 542 oue
286 500 358 542 aur
403 500 443 542 rc.

140 499 348 660 Viigilius
376 563 575 627 Assianus
602 562 811 646 primogenus
838 564 966 646 quidam
989 564 1075 647 apud

55 647 302 734 cappadocem,
323 647 374 711 uir
389 647 589 711 dulcissimus
605 650 682 730 erat,
700 647 736 710 in
749 648 847 711 fisicis
862 648 939 711 satis
954 669 1074 733 gnarus
1101 667 1114 704 ⁵

55 737 89 798 et
110 734 145 797 in
160 733 403 815 computatione
417 732 513 796 lunae
528 736 561 795 et
575 752 743 796 mensuum
758 733 992 818 sagacissimus.
1022 733 1075 796 hic

54 817 229 883 scolasticis
237 816 303 880 suis
313 817 419 881 aiebat
430 816 468 880 de
480 816 622 880 tonitruo
630 816 914 902 interrogantibus
927 817 1074 900 spiritum

55 901 215 988 quendam
231 922 298 966 esse
313 900 459 965 inusitati
473 901 579 984 uenti,
602 900 657 984 qui
668 901 867 984 praestitutis
878 902 1074 985 temporibus

54 987 177 1052 mundo
192 986 322 1051 intonat
336 989 369 1050 et
384 985 474 1050 cuius
486 1007 582 1050 sonus
593 986 754 1066 tonitruit‚
768 986 858 1050 cuius
870 990 986 1050 natura
997 987 1075 1051 haec

55 1074 105 1136 est
132 1073 169 1135 ut
195 1073 282 1136 solus
309 1071 458 1135 humanis
480 1092 513 1135 se
535 1071 645 1135 usibus
667 1069 812 1155 ingerat,
842 1073 895 1154 qui
919 1093 985 1135 non
1006 1078 1075 1136 tam
1088 1089 1113 1128 10

55 1156 218 1240 spiramen
233 1176 328 1238 quam
344 1155 523 1239 fulgoream
545 1155 708 1219 flammam
730 1155 843 1236 habet,
867 1177 963 1240 quem
984 1159 1016 1220 et
1031 1156 1075 1220 al·

53 1241 169 1306 tiorem
185 1240 335 1305 omnibus
349 1239 455 1303 uentis
471 1243 504 1303 et
518 1239 727 1323 profundiora
745 1241 890 1305 omnium
904 1244 1074 1324 penetrare

56 1326 232 1390 asserebat.
252 1346 348 1408 quem
356 1346 429 1388 cum
440 1325 688 1408 interrogassem
699 1331 882 1389 utrumnam
894 1325 948 1389 hic
958 1328 1074 1389 uentus

54 1410 186 1560 pIrpIpria
205 1410 347 1560 qictione
370 1431 412 1558 qn
424 1408 540 1558 ‘qliena
557 1412 724 1559 regppetur
738 1431 904 1508 assumens
918 1409 1074 1494 pugillum

143 1516 205 1579 poe
233 1515 285 1559 cos
309 1516 371 1560 con
386 1515 434 1559 eor
471 1515 613 1559 uersusr
670 1516 819 1578 inquiens
1040 1575 1049 1596 .
1087 1512 1112 1554 rs

408 1632 535 1677 summa
556 1613 592 1676 io
612 1614 745 1677 summis

404 1701 516 1780 potens
538 1697 616 1762 coel'

409 1780 551 1860 taboque
572 1786 683 1846 cuncto

408 1865 565 1949 poteraut
585 1865 681 1941 celera

53 1986 88 2065 id
111 1987 159 2050 est
180 1983 380 2049 Hebreorum
402 1983 506 2046 deum.
1087 2003 1113 2042 ao

140 2069 288 2135 Istrius
324 2068 413 2132 uirus
444 2066 608 2152 Hispanus
644 2067 680 2130 in
717 2065 941 2150 conpositione
974 2066 1074 2130 histo-

55 2156 177 2220 riarum
205 2152 391 2237 splendidae
423 2153 500 2216 satis
528 2152 745 2236 eloquentiae,
774 2151 935 2234 quandam
964 2150 1074 2214 simili·

55 2240 201 2305 tudinem
229 2238 309 2302 mihi
335 2236 424 2302 dedit
446 2237 572 2304 dicens:
599 2237 704 2301 uicem
727 2237 803 2301 solis
825 2238 859 2300 in
880 2235 1074 2301 testimoniis

55 2325 125 2408 agit
146 2323 302 2400 'uerbum3
332 2343 409 2386 nam
437 2322 521 2386 sicut
542 2321 609 2386 dies
632 2323 750 2405 absque
773 2321 840 2386 sole
861 2342 930 2385 non
952 2328 1000 2385 est
1021 2342 1073 2385 ru·

55 2409 146 2486 time,
181 2407 228 2472 sie
255 2406 476 2471 testimonium
505 2406 574 2469 sine
606 2407 705 2470 uerbo
733 2428 800 2470 non
826 2405 976 2470 lucidum.
1020 2405 1073 2469 hic
1086 2422 1112 2464 aa

55 2495 102 2556 ait
122 2513 140 2558 o
161 2513 218 2558 rex
238 2494 327 2572 seito,
351 2492 430 2572 quio
449 2491 529 2554 aaut
547 2495 647 2555 tecum
667 2495 725 2556 aaa
740 2490 859 2556 cunda
874 2492 976 2555 uitam
990 2490 1075 2554 bauo

54 2579 232 2642 adsertio
253 2595 460 2654 communem,
483 2575 581 2638 itaet
605 2578 640 2638 bu
660 2594 778 2639 mecum
802 2579 931 2638 mortem
955 2574 1075 2638 subibis

54 2681 259 2728 communem.
300 2660 378 2724 item
406 2659 629 2742 interrogatio:
665 2678 683 2723 o
712 2679 827 2736 auare,
861 2658 940 2738 quid
966 2657 1073 2738 celum,

56 2747 136 2828 quid
155 2751 256 2823 terro,
286 2746 363 2828 quid
383 2765 473 2811 mure
493 2763 554 2809 suo
576 2745 661 2809 douo
683 2743 740 2808 tibi
758 2742 883 2824 ferunt,
913 2746 942 2806 et
962 2745 997 2806 tu
1018 2746 1075 2806 tuo

125 2921 138 2967 1
166 2929 202 2968 ne
223 2916 269 2968 ote
297 2914 325 2966 A
345 2914 355 2981 11
376 2912 503 2966 sanamia
548 2927 579 2964 ro
604 2912 633 2965 A
653 2913 700 2980 113
728 2910 916 2979 loquaebatur
935 2909 970 2964 N
987 2911 998 2978 11
1018 2909 1074 2962 hae

55 2983 91 3037 N
103 2997 172 3038 corr.
225 2982 256 3036 ai
272 2983 316 3049 114
338 2981 478 3048 quaedam
549 2981 591 3048 115
610 2978 793 3047 capadociam
810 2978 845 3031 N
858 2979 868 3046 11
885 2977 999 3048 ignarus
1015 2976 1050 3030 N
1060 2976 1073 3047 11

56 3082 293 3153 compotatione
302 3081 355 3151 uu
367 3087 383 3136 o
394 3048 543 3136 naturaei·
553 3081 598 3136 est
609 3080 663 3149 nn
677 3087 709 3135 10
723 3096 752 3134 se
761 3078 975 3134 usitantur.
985 3077 1050 3132 urar
1060 3077 1073 3148 ιι

57 3191 89 3238 ιι
107 3184 223 3238 flamma
239 3184 273 3237 ru
286 3185 296 3252 ιι
316 3189 347 3238 15
364 3162 493 3252 pasca
515 3184 544 3250 (ο
562 3199 597 3237 m.
616 3183 664 3249 az.)
686 3181 721 3235 N
738 3183 748 3250 1
765 3188 796 3235 21
819 3181 941 3235 hestrius
963 3178 998 3232 N
1017 3180 1076 3246 1124

56 3284 130 3356 agir]
150 3286 192 3340 aa
208 3285 261 3354 run
274 3284 363 3340 floren
381 3252 673 3353 numidiarum
691 3284 750 3338 sine
770 3284 794 3352 q·
812 3282 932 3336 veroum
949 3280 1002 3350 Nn
1015 3281 1077 3336 aas.

56 3386 118 3440 luce
137 3387 205 3440 dum
222 3387 268 3440 hic
286 3387 328 3440 ait
343 3385 377 3441 N
386 3387 397 3453 11
408 3391 441 3440 26
460 3385 579 3451 ancillae
594 3385 628 3441 N
637 3387 647 3454 l
659 3391 692 3440 27
710 3400 858 3439 comunem
870 3383 904 3436 N
913 3383 923 3450 11
935 3360 1077 3444 m⁰cumea

54 3454 155 3523 Ν129
173 3456 224 3509 tua
242 3464 291 3523 tpp
308 3453 347 3508 N.
