2436 3840
121 167 182 231 124
349 162 505 217 VIRGILII
522 162 688 218 MARONIS
705 162 912 218 EPISTOLAE.

119 322 208 381 retur
230 339 247 382 0
269 338 362 401 spone
382 320 461 382 recte
481 315 542 396 feci
562 317 613 381 uel
634 317 753 381 loculus
773 315 870 381 sum?
891 314 1008 398 plurali
1027 319 1143 383 tamen

119 423 253 466 numero
268 401 454 466 uocatiuum
469 422 593 465 cassum
609 401 765 478 inueniri,
788 401 824 463 in
839 399 971 464 dubium
986 400 1071 464 nulli
1087 403 1144 467 uel

43 514 45 519 ·
120 487 383 551 contendentium
411 487 496 569 parti
524 487 635 549 uenire
656 488 777 567 potest,
811 487 848 548 ut
874 504 932 549 nos
953 505 970 549 ο
993 505 1015 549 α
1036 487 1142 568 nobis,

118 572 307 654 praesertim
337 592 408 634 cum
436 570 644 652 imperatiuus
666 568 781 633 modus
804 570 901 632 etiam
924 569 1045 652 primae
1068 592 1142 654 per·

93 676 218 720 rsonae
239 655 356 739 plurali
378 674 511 718 numero
533 653 619 717 flecti
641 654 753 717 soleat.
782 673 853 717 oum
877 653 962 716 euim
987 654 1066 718 dicis
1082 675 1145 721 nos

119 741 272 820 dieamus
295 759 353 804 uos
366 738 429 803 hoc
444 739 514 802 loco
529 738 695 801 uocatiuus
712 759 818 802 cassus
834 758 902 801 esse
917 741 1038 820 potest,
1062 739 1145 804 licet

119 828 152 889 et
178 824 398 889 nominatiuus
427 844 496 886 esse
527 843 592 886 non
614 826 762 906 negetur.
799 822 855 886 sed
876 821 916 885 de
937 822 998 887 hoe
1020 844 1139 906 prono·

119 909 205 973 mine
227 910 304 973 satis
327 909 370 972 sit
391 907 520 971 dictum.

203 993 275 1058 Hoc
296 999 405 1057 tamen
427 1012 606 1075 pronomen
628 990 883 1074 conpossitiones
905 990 983 1055 duas
1012 992 1140 1076 recipit,

80 1098 105 1137 ιο
119 1077 171 1141 uel
200 1099 271 1142 cum
299 1078 405 1160 ipsum
432 1076 522 1140 illum
552 1075 735 1159 duplicatur
763 1080 800 1140 ut
828 1096 950 1159 epoepo,
983 1076 1036 1141 uel
1063 1097 1140 1141 cum

118 1167 179 1226 met
200 1162 354 1246 syllabam
377 1161 512 1244 recipiet
532 1164 570 1225 ut
591 1166 722 1243 egomet:
751 1160 798 1224 sic
820 1165 903 1244 tutu,
931 1165 1042 1240 tumet,
1063 1181 1139 1239 sesa,

117 1253 220 1311 semet.
258 1251 306 1311 est
328 1251 360 1310 et
382 1245 537 1329 quaedam
561 1246 707 1328 quaestio
729 1244 765 1308 in
786 1245 1029 1328 pronominibus
1054 1244 1139 1309 diffi-

117 1331 187 1395 cilis
220 1336 252 1395 et
286 1331 479 1395 solutionem
509 1332 587 1394 satis
620 1329 748 1413 indiga:
781 1350 858 1392 nam
892 1349 964 1392 cum
999 1329 1140 1394 dicimus

117 1436 204 1481 meus
231 1421 303 1480 tuus
337 1435 414 1480 suus
450 1419 483 1478 et
514 1416 550 1477 in
582 1414 699 1497 plurali
733 1435 866 1477 numero
895 1418 998 1478 noda
1025 1419 1139 1496 uester,

79 1500 282 1582 requaeritur
310 1520 406 1581 quam
433 1498 562 1562 tertiam
593 1519 762 1581 personam
797 1498 860 1561 huo
891 1519 1010 1581 ponere
1045 1498 1140 1562 debe-

118 1582 232 1647 amus?
264 1587 386 1666 negant
413 1584 543 1665 quidam
571 1584 700 1648 tertiam
728 1603 895 1665 personam
924 1584 960 1646 in
982 1584 1042 1646 hoc
1065 1583 1139 1648 loco

117 1668 200 1732 sumi
227 1667 356 1751 penitus
385 1673 544 1751 oportere.
586 1667 737 1732 nonnulli
765 1688 824 1750 pro
853 1667 991 1749 quodam
1018 1668 1140 1732 solatio

117 1754 326 1818 scribentium
343 1773 380 1817 ac
394 1753 571 1838 legentium
587 1752 718 1816 tertiam
731 1773 901 1835 personam
916 1751 1021 1835 illam,
1040 1773 1139 1834 quam

117 1838 153 1902 in
174 1838 329 1924 singulari
352 1859 485 1901 numero
507 1858 728 1920 posueramus,
756 1836 789 1898 id
811 1846 860 1900 est
880 1855 972 1918 θυαε,
996 1857 1139 1901 commu·

78 1950 104 1992 so
116 1944 191 1986 nem
207 1945 275 1986 esse
291 1923 472 2006 diffiniunt,
495 1926 531 1986 ut
552 1921 662 1985 dicant
677 1922 739 1985 sic:
753 1940 841 1985 meus
854 1925 927 1985 tuus
940 1940 1018 1985 suus
1031 1927 1140 1987 noster

115 2012 216 2073 umes
236 2027 329 2088 susus,
355 2007 470 2088 quibus
492 2026 552 2070 nec
573 2006 702 2069 credere
724 2025 782 2068 neo
804 2004 935 2068 omnino
958 2004 1138 2070 discredere

116 2092 250 2156 licenter
277 2091 445 2170 audemus,
475 2090 613 2153 maxime
640 2110 711 2154 cum
740 2088 862 2153 nullam
890 2089 1047 2153 rationem
1075 2089 1138 2156 hoc

115 2176 185 2240 loco
207 2175 393 2252 inueniant,
417 2195 480 2256 qua
500 2177 631 2237 seruant
652 2173 780 2236 tertiam
802 2195 971 2256 personam
993 2195 1054 2238 nec
1076 2176 1137 2239 ite-

115 2281 186 2323 rum
209 2259 328 2322 resumi
350 2257 684 2340 inreprehensibiliter
705 2278 800 2340 posse
822 2258 875 2322 uel
898 2258 1023 2323 debere.

183 2466 207 2518 9.
225 2459 283 2514 Ars
298 2476 345 2514 on.
359 2460 443 2515 Besa.
453 2463 555 2529 p.140‚
568 2464 614 2515 15:
637 2461 710 2515 Item
722 2459 895 2529 Virgilius
907 2459 1011 2514 iterum
1024 2459 1060 2512 de
1072 2476 1138 2529 pro-

115 2527 275 2583 nominibus
293 2528 446 2598 conpositis
465 2528 550 2583 dixit:
570 2544 622 2599 ego
635 2544 792 2598 pronomen
804 2527 915 2581 finitum
928 2527 1137 2596 conpositiones

115 2596 186 2651 duas
203 2594 343 2665 recipit..
358 2639 364 2651 .
377 2596 517 2665 syllabam
534 2596 644 2674 recipit
727 2603 757 2649 12
784 2596 840 2650 Ars
858 2612 906 2649 aa.
924 2595 1010 2650 Rern.
1025 2599 1135 2664 p.137,

113 2667 163 2720 27:
181 2664 236 2719 Sed
254 2664 299 2718 hio
317 2663 414 2733 aliqua
431 2663 541 2732 questio
560 2665 660 2730 entur,
678 2665 711 2717 ut
722 2662 856 2733 Virgilius
867 2661 948 2716 Maro
966 2662 1050 2717 dixit:
1070 2680 1137 2718 cum

114 2732 233 2786 dicimus
257 2748 336 2786 mous
359 2735 423 2786 tuus
445 2749 512 2786 suus
534 2734 630 2785 noster
651 2732 746 2786 vester
767 2730 920 2799 queritur.
941 2771 947 2784 .
964 2730 1010 2784 hic
1028 2747 1136 2801 ponere

114 2799 251 2853 debemus
269 2798 373 2866 plurali
385 2815 510 2856 numero.
536 2798 617 2853 nulla
629 2798 704 2852 enim
716 2799 789 2852 ratic
801 2798 831 2851 in
842 2798 896 2852 hoo
907 2798 969 2852 loco
981 2798 1133 2864 invenitur,

135 2882 172 2919 ua
182 2867 299 2920 tertiam
310 2881 459 2935 personam
470 2867 576 2920 iterum
585 2866 690 2920 resumi
698 2865 987 2934 inreprehensibiliter
996 2881 1079 2934 posse
1088 2867 1136 2920 vel

114 2884 218 2987 debere
238 2934 301 3001 quis
319 2933 402 2988 dicat.
427 2934 555 2987 nonnulli
572 2935 668 2988 umen
685 2948 737 3002 pro
756 2932 879 3011 quodam
896 2932 999 2987 solatio
1011 2933 1134 2987 seriben-

113 3000 186 3055 tium
205 3000 241 3054 ad
259 3000 415 3070 legentium
428 3014 442 3054 ’.
461 3047 467 3060 ,
486 3017 572 3070 quam
589 3001 618 3054 in
637 3000 774 3071 singulam
789 3015 905 3054 numero
924 3016 1086 3069 posueram,
1103 3001 1134 3054 id

114 3072 158 3123 cst
174 3076 241 3123 suus
253 3084 432 3189 oorrtrmunem
445 3085 504 3123 esse
517 3069 657 3123 definiunt
673 3069 747 3122 inter
765 3067 935 3137 singularem
953 3069 984 3123 et
993 3067 1134 3138 pluralem

113 3153 261 3191 numerum
279 3153 297 3189 u
328 3181 334 3195 .
354 3177 359 3188 .
380 3181 386 3193 .
406 3153 480 3191 snus.

181 3331 197 3379 9
215 3323 323 3392 recepit
340 3321 372 3376 N
387 3323 397 3390 ΙΙ
416 3327 448 3376 10
456 3321 475 3374 f.
496 3338 559 3376 cum
578 3323 608 3376 et
624 3320 659 3376 N
672 3323 682 3392 l
702 3327 733 3378 14
750 3337 828 3375 meas
844 3320 878 3375 N
891 3321 980 3398 [Μ.
999 3337 1084 3389 quam
1102 3323 1133 3374 in

111 3391 387 3528 &geismaraarrimilruffw
405 3406 440 3444 esc
457 3394 518 3445 arta
535 3405 583 3445 oa.
600 3389 686 3448 Rern.
703 3389 806 3458 recepi,
831 3405 851 3458 p
867 3404 925 3455 qua
938 3387 1007 3459 plnn
1024 3389 1059 3443 N
1071 3391 1081 3456 l
1103 3395 1133 3443 19
