2436 3840
283 166 356 227 XIV.
381 165 430 221 Du
449 165 843 223 COGNOMINATIONIBUS
863 171 915 224 etc.
1062 170 1103 235 83

85 320 245 405 largibor,
260 319 322 384 alia
337 319 605 417 superadditurus.
640 319 743 384 celum
760 321 801 384 ob
817 320 879 384 hoc
894 320 957 385 dici
971 323 1103 405 putatur

85 407 161 490 quia
183 405 338 503 quaedam
359 408 446 502 intra
468 427 502 469 se
524 404 659 488 grandia
679 405 762 469 celat
782 404 977 502 archanaet
995 406 1102 488 ipsum

84 489 1102 658 tttittttltlttttttittltttt?mititte

84 659 238 743 diximum
269 657 324 723 sed
352 659 486 722 altitudo
515 662 547 722 et
577 657 829 741 profunditatem
861 679 1102 742 nonnumquam
1127 681 1140 722 a

85 743 260 829 significat:
283 743 419 826 denique
442 744 509 807 siue
531 763 618 806 mare
634 743 701 808 siue
717 743 870 827 quidquid
885 743 970 808 infra
984 748 1103 808 terram

84 836 135 893 cet
161 827 318 912 positum,
346 828 446 892 altum
475 828 708 892 nominandum
734 831 792 896 est.
837 828 920 892 sicut
946 831 979 892 et
1005 848 1102 892 senex

84 912 262 977 Donatus
284 913 405 978 obsecro
425 931 483 977 uos
505 912 597 977 colli
610 913 796 995 numenque
810 914 896 993 ertia,
919 915 1046 978 emittite
1060 914 1104 977 ad

83 1016 133 1063 me
153 997 247 1062 solem
267 998 303 1062 ia
324 1001 410 1063 terra
432 998 531 1062 lucere
545 998 628 1062 diem
637 998 787 1079 protinas
801 997 985 1063 allatarum.
1016 1002 1102 1062 terra

84 1082 126 1146 ob
148 1081 211 1146 hoc
232 1081 349 1146 dicitur
364 1083 439 1165 quia
454 1081 620 1146 hominum
635 1082 771 1165 pedibus
785 1082 909 1145 teritur.
938 1081 994 1145 sed
1008 1081 1102 1146 aliter
1114 1098 1139 1139 10

84 1167 186 1250 igitur
210 1187 252 1233 ra
279 1166 412 1249 dicitur,
440 1167 545 1250 primo
573 1165 657 1250 quod
686 1187 725 1229 ex
755 1188 792 1230 ea
813 1166 990 1244 nascimur,
1017 1165 1102 1229 unde

85 1253 119 1315 et
133 1271 172 1315 ex
186 1251 284 1314 humo
299 1251 389 1315 tomo
410 1250 528 1315 dicitur
549 1250 723 1314 secundum
746 1250 832 1334 quod
855 1251 922 1313 eius
945 1250 1101 1314 fructibus

84 1334 200 1400 alimur
211 1356 248 1400 ac
258 1355 446 1400 recreamur.
470 1334 565 1398 tertio
582 1333 666 1418 quod
680 1334 715 1398 in
727 1356 797 1399 eam
810 1335 896 1400 loeto
907 1335 1004 1399 soluti
1014 1335 1104 1398 uelut

84 1420 119 1484 in
151 1420 263 1484 matris
293 1419 421 1483 uuluam
448 1418 659 1487 recondimur.
704 1441 794 1485 mare
821 1420 862 1484 ab
890 1418 1102 1484 amaritudine

83 1503 211 1584 dicitur,
232 1504 272 1568 ab
294 1501 429 1569 Hebreis
452 1526 607 1589 aquarum
623 1504 784 1569 collectus.
817 1505 863 1570 sol
881 1504 1006 1587 dicitur,
1028 1504 1103 1587 quia
1115 1529 1140 1570 15

153 1737 313 1817 1.-Fra9m.
335 1739 410 1794 Med.
434 1741 480 1808 (cf.
499 1740 630 1809 append.)
661 1740 777 1795 Caelum
800 1741 903 1794 dicitur
926 1739 993 1817 quia
1015 1755 1101 1807 quae-

82 1805 150 1860 dam
167 1806 287 1876 grandia
305 1807 428 1862 archana
445 1807 545 1862 caelat.
572 1807 802 1877 philosophorum
818 1807 981 1876 peritieermi
998 1807 1103 1859 vocant

82 1872 171 1928 altum
203 1872 313 1928 caelum
345 1875 377 1928 ut
403 1875 522 1929 diximus
549 1875 599 1928 sed
626 1874 804 1928 altitudinem
833 1876 862 1929 et
887 1904 920 1912 —
946 1888 1102 1940 numquam

82 1939 244 2010 significant
266 1940 387 2011 denique
410 1959 487 1997 mare
508 1973 541 1982 -
561 1944 725 1997 nominatur
745 1942 819 1994 siout
839 1957 926 1996 senex
946 1940 1040 1994 donon
1057 1939 1102 1992 in-

81 2022 179 2062 menso
200 2007 297 2062 dolore
319 2012 466 2078 superatus
484 2009 612 2080 corporei
629 2009 697 2064 mali
713 2010 825 2063 noctem
842 2009 921 2065 velut
935 2007 1101 2077 longissima

82 2074 230 2130 fastidium
252 2076 392 2131 sustinens
414 2093 447 2131 ac
470 2076 552 2131 solito
575 2076 772 2146 lanquentium
795 2092 873 2131 more
891 2075 967 2130 diem
985 2075 1099 2129 evenire

82 2143 248 2197 desiderans
270 2143 417 2212 tamqnam
440 2144 463 2198 si
485 2145 593 2213 aliquid
615 2144 724 2214 requiei
742 2145 854 2214 corpori
872 2145 946 2198 foret
964 2142 1101 2197 allaturus

81 2208 136 2265 tali
172 2210 340 2265 necabatur
358 2213 455 2267 modo:
478 2213 645 2267 obsecro-
663 2211 740 2266 intra
749 2214 785 2282 (t)
809 2213 904 2267 lucere
922 2242 955 2251 -
972 2211 1049 2265 terra
1067 2224 1100 2264 eo

82 2295 123 2348 qn
182 2276 302 2347 pedibus
324 2279 433 2334 teritur.
464 2279 513 2334 sed
536 2280 619 2334 aliter
641 2281 804 2349 separatur,
826 2280 894 2349 quia
912 2295 945 2334 ra
962 2276 1101 2348 portatrix

80 2344 312 2415 a
334 2345 1101 2484 utrumneereaturam&

81 2479 191 2534 fructae
214 2479 315 2534 alimur
337 2482 424 2536 tertio
447 2481 515 2550 quia
535 2481 564 2533 in
583 2498 646 2535 eam
662 2481 739 2534 laeto
757 2482 843 2536 soluti
860 2513 893 2522 -
911 2479 1098 2536 recondimur.

83 2554 125 2606 15.
149 2547 218 2602 idid.
253 2547 330 2602 Mare
357 2549 393 2603 ab
420 2548 607 2604 amaritudine
634 2547 738 2602 dicitur
764 2549 802 2603 ab
827 2548 941 2603 hebreis
963 2563 1100 2615 aquarum

83 2614 232 2680 collectus,
251 2632 269 2669 a
284 2615 460 2685 philosophie
478 2632 512 2670 ex
530 2616 638 2670 duobus
650 2606 829 2684 componitur
840 2616 921 2671 velut
932 2630 1036 2683 magna
1047 2629 1100 2679 rea,

81 2681 155 2736 nulli
171 2681 331 2737 mortalium
348 2685 425 2738 nota.
451 2683 534 2738 stella
550 2683 743 2748 destinando,
763 2685 839 2738 astra
851 2682 886 2738 de
899 2681 1055 2738 variaetato
1068 2710 1099 2720 -

82 2750 153 2803 citur
176 2749 212 2805 de
234 2750 290 2805 situ
313 2750 422 2806 altiore.
457 2752 572 2806 volucer
595 2768 613 2805 a
634 2750 800 2818 velocitate,
824 2751 884 2806 avie
905 2751 941 2804 ab
959 2749 1029 2804 aviis
1047 2748 1100 2802 hoc

82 2818 127 2871 ert
144 2817 262 2871 desertis
278 2817 362 2885 locis,
383 2819 476 2874 bestia
493 2820 528 2873 de
547 2820 616 2874 besu
627 2820 681 2874 hoc
694 2820 737 2873 eet
748 2818 904 2877 ferocitate.
940 2817 1025 2872 belua
1041 2832 1101 2870 ma·

82 2884 146 2940 rina
168 2884 284 2952 dicitnr,
310 2886 359 2941 bel
382 2887 457 2941 enim
483 2903 560 2942 mare
583 2903 601 2941 a
621 2887 797 2957 philosophis
819 2888 945 2941 vocatur.
981 2899 1044 2940 caro
1067 2919 1101 2928 -

154 3095 168 3142 1
188 3088 420 3157 superadditum
438 3090 478 3159 (u⁸
490 3089 569 3157 corr.)
587 3088 621 3143 N
630 3090 640 3158 11
653 3088 755 3155 celum]
773 3089 805 3142 ia
821 3105 884 3143 mar
902 3130 908 3142 .
928 3087 1006 3142 caeli
1025 3085 1099 3139 unde

80 3154 114 3210 di
134 3155 225 3224 Ν14
247 3157 407 3212 obtitudine
430 3173 481 3212 aua
501 3157 536 3210 N
549 3157 559 3226 11
577 3157 678 3226 altum]
703 3156 735 3210 ia
755 3171 842 3226 mory.
893 3155 986 3209 tItudo
1008 3153 1044 3207 N
1056 3155 1100 3221 118

79 3225 183 3278 &terra
198 3223 234 3279 N
242 3225 281 3292 19
298 3225 376 3279 terra
394 3241 481 3293 quare
494 3225 570 3278 dida
586 3239 672 3293 marc.
689 3223 724 3278 N
732 3225 742 3293 1
757 3230 788 3277 10
804 3224 921 3278 territur
937 3221 971 3276 N
979 3222 989 3289 11
1002 3220 1096 3289 aliter]

79 3326 125 3379 aer
141 3324 176 3379 n
190 3326 200 3393 1
214 3329 244 3378 11
264 3292 366 3379 utendo
384 3325 418 3379 N
431 3326 441 3394 1
458 3326 491 3379 a
507 3341 594 3395 mary.
610 3325 694 3378 homo
713 3341 747 3378 ex
764 3325 850 3379 humo
867 3324 902 3380 Ν
915 3325 924 3391 l
939 3328 970 3377 a
986 3319 1100 3400 araca

78 3391 114 3446 N
146 3408 181 3446 ea
198 3391 233 3447 N
240 3394 251 3462 1
263 3393 357 3447 solutu
370 3392 405 3447 N
412 3394 423 3461 1
438 3398 469 3446 14
482 3409 560 3447 mare
579 3392 614 3447 ab
633 3409 657 3446 a
669 3407 720 3447 om.
734 3392 768 3446 N
777 3393 787 3460 11
802 3398 833 3446 15
851 3391 986 3446 collectus
997 3390 1101 3443 dro1tur

78 3459 113 3515 N
122 3461 127 3528 1
145 3459 199 3529 sol]
218 3461 251 3515 ia
268 3476 354 3530 marc.
374 3461 416 3515 eol
434 3464 540 3528 quare?

873 3545 911 3598 Q*
