2436 3840
130 181 191 244 108
355 177 510 232 VIRGILH
527 177 693 232 MARONIS
711 176 921 236 EPISTOLAE.

129 333 165 394 ut
186 333 369 396 renouatior
391 335 500 396 secuta
523 333 607 395 esset
628 336 744 395 natura
766 331 903 415 legentis
917 331 1147 396 uicissitudini-

129 417 205 496 bus,
236 416 390 481 librorum
420 437 548 479 suorum
571 416 755 498 frequenter
782 415 884 480 diuisa
916 416 1149 500 intercapitant

129 501 295 585 opuscula3
327 500 536 585 legendorum
565 499 603 564 de
630 519 714 564 nouo
743 499 833 563 uelut
854 501 985 564 alterius
1007 505 1147 566 recentis

129 587 235 669 operis
258 585 388 650 exordia
411 586 582 648 uerborum
601 605 660 668 pro
675 583 886 648 accendendis
902 585 1048 650 sensibus
1065 607 1147 650 com-

103 673 192 735 snus
214 671 445 754 facundiusque
470 673 665 753 conponunt.

53 776 56 782 ·
213 755 322 819 Haues
350 755 511 838 ogdoades
541 755 722 819 orationum
744 756 853 838 partes
876 753 1000 818 octenis
1022 777 1074 818 me
1098 777 1149 820 ex·

128 839 308 922 positurum
341 839 462 924 tibique
491 840 675 903 missurum:
704 842 811 919 tuum,
844 839 1006 902 carissime
1036 839 1146 916 frater,

129 926 166 986 ut
194 923 258 987 tuis
286 925 464 988 inremissis
492 925 534 988 ad
561 924 725 988 dominum
746 923 922 987 fundendis
947 923 1148 989 orationibus

129 1007 234 1085 iures,
258 1011 382 1073 utnon
405 1009 508 1074 solum
530 1009 565 1072 in
587 1029 682 1092 opere
704 1008 866 1091 praesenti
888 1009 1046 1073 sermonis
1069 1009 1148 1072 mihi

92 1093 251 1157 retribuat
278 1095 554 1177 opportunitatem
581 1093 635 1157 ille
659 1096 713 1176 qui
734 1113 812 1176 prae
836 1095 961 1157 cunctis
983 1092 1148 1157 hominem

128 1176 216 1261 loqui
244 1179 460 1243 animantibus
488 1177 712 1243 rationabilem
739 1177 832 1259 fecit,
861 1199 972 1242 uerum
995 1179 1092 1241 etiam
1113 1178 1148 1240 in

130 1263 278 1327 omnibus
305 1265 386 1328 actis
414 1264 493 1327 meis
515 1284 697 1327 mensuram
720 1263 926 1347 cepissendae
948 1264 1094 1326 ueritatis
1117 1274 1149 1325 et

129 1347 203 1411 fidei
225 1369 387 1430 normam,
411 1370 473 1432 qua
495 1348 581 1412 credi
597 1353 630 1412 et
645 1348 805 1413 obsecrari
821 1347 950 1428 debeat,
977 1347 1149 1410 clementer

131 1431 315 1516 elargiatur.
367 1433 452 1516 quod
488 1434 552 1496 tuis
588 1432 753 1516 precibus,
790 1431 990 1496 sanctissime
1029 1431 1149 1496 Christi

93 1528 117 1566 1⁵
131 1517 294 1597 minister,
322 1537 373 1579 me
403 1538 470 1580 non
499 1516 610 1581 dubito
639 1517 861 1580 obtenturum:
891 1518 927 1579 ut
948 1515 1004 1599 qui
1025 1516 1061 1578 in
1082 1537 1149 1579 una

49 1619 52 1625 ·
132 1599 252 1664 Christi
279 1600 395 1665 militia
423 1602 555 1666 tertium
578 1601 809 1664 ecclesiasticae
832 1599 998 1684 dignitatis
1021 1599 1147 1664 obtines

131 1685 283 1768 gradum,
316 1684 351 1749 in
379 1686 482 1750 tribus
511 1685 638 1750 diuinae
664 1685 821 1749 unitatem
856 1685 1051 1750 substantiae
1080 1707 1149 1769 per-

131 1770 218 1833 sonis
234 1771 478 1836 coaeternaliter
493 1771 738 1851 subsistentem,
760 1773 796 1834 ut
810 1769 1061 1834 misericordiam
1077 1791 1147 1833 con·

131 1876 244 1938 sequar
267 1858 447 1936 aeternam,
469 1877 541 1920 mea
562 1876 620 1940 pro
643 1854 832 1920 infirmitate
851 1857 884 1919 et
897 1855 1060 1938 inpetrare
1082 1855 1150 1939 dig·

93 1940 227 2005 20neris.
266 1941 348 2005 uale.
386 1941 495 2026 gratia
515 1945 629 2005 tecum.

200 2166 213 2212 1
233 2137 387 2225 ren⁰uatior
405 2160 478 2212 sicut
488 2175 523 2220 ψ
533 2159 567 2212 Ν
576 2160 586 2227 ΙΙ
598 2165 615 2212 4
627 2157 794 2212 accedendis
804 2158 839 2212 N
847 2173 916 2212 corr.
928 2157 992 2212 Mat
1004 2158 1014 2225 l
1028 2163 1043 2211 5
1055 2157 1149 2212 facun-

131 2238 256 2327 eiusque
265 2260 346 2380 upa
356 2259 453 2380 navesp
462 2260 515 2313 aa
524 2260 666 2341 (mara)
675 2260 839 2329 Nseqaaar
848 2274 901 2317 ras.
912 2259 999 2338 arta,
1008 2259 1017 2326 ιι
1031 2257 1148 2337 raum]

132 2330 175 2381 est
185 2327 302 2395 suppleo
323 2344 370 2381 om
382 2328 420 2395 118
450 2327 589 2381 undandrs
609 2327 648 2393 (dr
661 2345 695 2382 ex
707 2333 789 2385 corr.)
807 2327 841 2381 N
850 2329 860 2396 ΙΙ
874 2332 905 2379 16
917 2326 1020 2380 militia
1033 2326 1062 2396 (ι,
1076 2343 1109 2380 car
1121 2335 1148 2389 a)

130 2395 183 2464 ΝΙΙ
197 2394 387 2448 ecclesiastice
405 2395 439 2449 N
449 2397 458 2464 ΙΙ
471 2395 581 2449 obtines
600 2398 644 2464 (cx
663 2395 791 2461 obtenes)
809 2395 847 2448 N.
