2436 3840
455 175 502 234 ΙΙΙ,
529 174 578 228 DE
595 173 727 232 UERBO.
1036 174 1097 238 149

80 351 191 394 sensus
212 330 264 393 uel
281 328 449 411 explentur
464 327 517 391 uel
531 327 740 390 inmotentur.
774 325 944 409 explentur
959 326 1097 409 quidem,

80 436 152 479 cum
179 435 237 498 per
258 413 344 478 hauc
365 413 542 496 figurarum
565 411 815 494 assumptionem
838 410 1044 493 perfectiores
1066 414 1098 475 et

80 499 240 584 pleniores
269 497 446 578 redduntur
473 495 667 573 sententiae,
699 495 789 559 uelut
816 495 844 558 si
866 494 1008 559 dicamus
1030 497 1098 561 dieo

78 584 220 666 perdice,
254 583 342 647 doceo
365 583 530 665 perticere,
561 581 646 662 sario
674 580 815 663 perricio.
857 581 925 645 dico
953 580 1040 643 enim
1068 584 1100 644 et

81 671 170 733 doceo
199 670 230 730 et
254 668 341 749 socio
369 667 467 730 etiam
494 666 534 730 ab
563 665 747 749 incipiendo
773 668 912 748 possunt
938 664 1098 749 intellegi:
1124 680 1137 720 5

84 773 155 816 eum
178 753 283 814 autem
307 750 445 815 docendi
467 753 523 814 aut
546 750 673 814 dicendi
695 752 842 833 operisue
863 748 1003 813 faciendi
1025 748 1100 813 finis

82 836 266 916 aduenerit,
288 839 365 899 tunc
374 856 436 919 per
454 835 651 918 nonpossitio
667 834 772 898 addici
786 836 903 916 potest.
935 836 1101 897 motantur

81 941 158 984 uero
175 940 287 984 sensus
302 941 361 1003 per
374 920 433 984 has
448 920 716 1005 subfigurationes
731 918 890 1001 duplicem
905 921 946 983 ob
961 940 1099 995 oausam,

82 1004 134 1068 uel
163 1008 296 1088 propter
322 1004 566 1069 distructionem
594 1004 647 1069 uel
674 1006 806 1087 propter
833 1003 1099 1068 aedificationem.

82 1089 282 1153 distruuntur
303 1089 433 1173 quidem
454 1111 527 1153 cum
543 1089 630 1154 dicas
646 1089 764 1170 dissipo
776 1088 829 1151 nel
844 1089 982 1153 discredo
988 1113 1000 1168 ,·
1022 1087 1101 1151 illud
1114 1101 1139 1140 10

84 1174 124 1238 ad
146 1175 230 1258 sepis
253 1173 513 1255 distructionem,
536 1174 597 1237 hoc
619 1173 659 1236 ad
682 1172 937 1236 incredulitatem
960 1173 1100 1255 respicit.

82 1259 291 1323 aedificantur
313 1261 421 1322 autem
443 1279 522 1338 cum·
538 1257 617 1322 dicis
640 1259 765 1338 occupo
785 1259 818 1320 et
832 1257 996 1336 neamenim
1018 1257 1101 1339 quod

85 1345 172 1407 enim
187 1341 254 1407 illic
269 1342 459 1423 distruxisti,
480 1341 533 1405 hic
548 1341 724 1406 reedificas.
757 1344 985 1424 conponuntur
1005 1340 1102 1404 etiam

84 1428 185 1492 uerba
200 1430 332 1511 propter
347 1430 521 1491 metrorum
536 1431 573 1492 ut
588 1425 724 1489 diximus
737 1426 1004 1509 conpositionem,
1020 1425 1103 1490 sicut

83 1514 245 1662 iser
270 1511 896 1663 circurneundurn
918 1508 1139 1661 tttmttl

86 1682 171 1744 enim
194 1701 251 1745 con
263 1680 354 1744 'nihil
368 1681 408 1744 ad
425 1702 554 1744 sensum
569 1680 706 1764 addidit,
729 1681 959 1764 propterquod
974 1700 1102 1744 uersum

83 1769 210 1828 tantum
232 1764 388 1846 expleuit.
426 1765 507 1828 haec
521 1764 560 1827 de
574 1765 688 1848 figuris
703 1764 820 1828 dixisse
835 1764 989 1844 sufficiat,
1012 1783 1102 1845 prue-

84 1849 194 1912 sertim
223 1868 296 1912 cum
318 1848 353 1911 in
375 1847 587 1930 epitomarum
610 1847 774 1931 praedicto
797 1868 893 1930 opere
915 1847 1101 1932 diligentius

84 1933 122 1997 de
146 1933 257 2082 lippus
280 1931 435 2016 quaedam
457 1931 641 1996 dixerimus.
1114 1946 1139 1986 ²0

202 2038 265 2082 unc
288 2016 328 2080 ad
350 2016 648 2082 annumerationem
663 2016 841 2080 ueniamus.
878 2015 971 2079 multi
986 2018 1103 2098 putant

84 2103 277 2186 simplicium
299 2103 491 2185 scriptorum
512 2101 597 2166 hanc
617 2101 916 2166 annumerationem
932 2099 1103 2164 uerborum

84 2189 216 2252 eandem
250 2208 320 2252 esse
353 2209 449 2271 quem
478 2191 511 2252 et
538 2208 707 2252 numerum
736 2186 835 2251 uerbo
864 2188 949 2249 inter
979 2188 1103 2268 septem

84 2273 218 2336 usitatas
246 2272 368 2355 species
396 2272 610 2354 accidentem,
636 2271 691 2337 sed
713 2293 772 2336 nos
794 2271 881 2335 hunc
902 2270 1103 2334 intellectum

84 2355 266 2420 firmissime
289 2355 490 2438 distruimns,
513 2357 588 2439 quia
608 2377 761 2421 numerus
776 2354 911 2439 simplex
926 2354 1030 2419 dualis
1045 2356 1102 2431 est
1114 2367 1140 2408 2⁵

85 2438 261 2522 singuluris
295 2438 461 2503 dumtaxat
497 2442 530 2502 et
557 2439 705 2522 pluralis,
744 2441 968 2504 annumeratio
996 2443 1102 2504 autem

85 2543 187 2670 usqpe
213 2522 445 2671 adtedpouiertrti
473 2523 594 2619 species
615 2524 791 2669 pemanihl
806 2524 891 2670 {uod
913 2523 1036 2668 factum
1057 2523 1103 2587 ita

85 2626 429 2756 ttrltnttth
452 2625 1104 2774 tttmhtttntttttiffttff

86 2777 128 2842 ob
157 2797 253 2860 quam
282 2797 412 2841 oausam
434 2777 530 2841 etiam
552 2775 737 2860 philosophi
760 2775 887 2859 antiqui
907 2775 1043 2839 uerbum
1065 2788 1141 2838 exeo

86 2861 254 2925 duouienti
276 2861 442 2944 speciebus
464 2863 499 2926 in
521 2883 622 2925 unum
650 2860 790 2924 ordinati
809 2863 894 2924 sunt.
931 2862 964 2923 et
984 2862 1021 2922 ut
1039 2858 1103 2924 hoc

87 2945 148 3008 tibi
176 2945 379 3010 manifestius
407 2946 575 3032 reddatur,
604 2945 748 3029 singulas
769 2965 947 3009 adnumera
969 2945 1102 3028 species.

152 3202 168 3249 2
190 3196 356 3264 figuratrum
373 3195 480 3264 111110
502 3196 568 3250 dissi
590 3197 618 3266 o]
643 3196 841 3266 1022ᾱίεεὶρίο
861 3197 908 3266 (=
925 3193 1076 3264 dissaepiot

85 3269 116 3318 12
130 3264 243 3332 concipe
255 3263 295 3333 N,
314 3265 442 3334 constipo
455 3263 525 3318 ceni.
573 3265 611 3331 ui,
622 3263 687 3329 fort.
700 3263 824 3334 consipio
861 3269 893 3319 13
904 3262 1034 3318 redificas
1046 3260 1080 3315 N

86 3328 285 3398 inaruerint,
305 3330 424 3386 Gracchi
438 3332 507 3387 coni.
520 3330 584 3387 Mai
596 3332 606 3400 1
621 3337 651 3385 16
670 3333 796 3386 dicentes
851 3332 906 3400 1117
925 3347 987 3384 cum
1004 3329 1039 3384 N
1052 3330 1102 3398 119

86 3399 292 3478 epithomarum
309 3399 408 3468 11122
426 3398 591 3468 simplitium
610 3399 640 3453 N
652 3401 662 3468 l
675 3405 708 3453 24
724 3399 886 3454 intellectus
904 3397 935 3452 N
951 3412 1019 3452 corr.
1065 3397 1103 3462 ui,

84 3481 141 3519 aesc
157 3467 239 3522 mulie
256 3467 321 3520 hrnc
340 3467 485 3523 emendare
496 3469 506 3536 1
519 3474 551 3524 32
569 3468 684 3522 rodatur
701 3467 740 3524 N.
