2436 3840
125 160 185 225 162
297 127 300 132 ’
352 157 504 213 vinoun
521 158 688 213 nnaoms
705 157 914 218 umerorum.

123 312 222 397 sumi,
250 310 439 395 quibusdam
468 332 544 377 uero
573 312 747 377 secundum
771 311 928 376 Galbun
934 311 975 396 gi
996 311 1149 378 traditio·

121 418 196 462 nem
230 397 447 462 asserentibus
481 400 631 462 octauum
661 397 769 480 potius
802 398 967 480 utriusque
999 398 1149 464 nominis

121 483 209 547 hunc
231 503 356 547 cassum
379 481 492 545 sentiri
507 486 664 565 oportere.
695 481 780 565 quod
795 483 828 545 et
841 481 999 546 Aeneas
1017 483 1148 566 probat,

121 566 207 632 unde
229 570 262 631 et
284 566 427 631 scribens
449 565 530 629 mihi
557 565 719 649 quoddam
741 586 860 630 nomon
883 565 929 632 ita
950 566 1149 633 deolineuit:

95 644 251 736 spro'soc,
274 651 438 735 pinsonis,
461 652 610 734 prosoui,
626 670 804 732 preconem.
842 653 969 714 etcum
992 651 1036 715 ad
1058 652 1149 717 ablu·

120 737 225 800 tinum
247 735 405 816 uenisset,
429 734 564 798 eundem
587 755 711 799 cassum
733 734 913 818 triplioauit
934 737 1135 803 caraxando.

208 818 307 885 Ouius
335 819 381 882 rei
410 839 523 904 orgum
545 818 722 903 inquirenti
743 819 823 883 mihi
830 867 839 901 ,
867 819 914 884 ite
936 820 1081 886 exsoluit
1103 821 1149 886 diu

122 925 213 968 cens:
243 909 346 970 scitus
368 923 475 987 ocsus,
504 905 560 985 qui
582 909 626 968 est
647 898 808 969 ablaticus
829 908 858 968 et
877 906 1029 986 septimus
1051 911 1149 988 atque

122 994 251 1055 ortuum
279 990 456 1055 litterarum
475 987 583 1069 formo
604 989 721 1054 amics
741 993 831 1069 scut,
859 989 926 1053 cisi
947 989 1088 1056 dictione
1111 1011 1148 1057 ce

82 1099 106 1138 ιο
119 1074 288 1139 sententiae
309 1074 461 1155 qualitate
483 1073 740 1155 discrepouerict.
773 1074 827 1138 sed
847 1073 876 1138 si
891 1072 1067 1140 edictione
1083 1076 1147 1141 dis·

120 1162 308 1242 cocuntur,
331 1158 471 1224 cbictico
493 1177 568 1223 casu
592 1158 643 1222 ‘ab
664 1158 720 1223 hoc
729 1177 865 1239 precone
880 1158 954 1222 bene
968 1157 1147 1226 clamatum

119 1247 183 1310 est’.
223 1243 352 1326 septimo
385 1262 462 1308 casu
495 1242 562 1307 ‘hoe
587 1261 724 1324 precone
755 1243 937 1307 clamatoric
961 1240 1145 1322 fruuntur&

118 1329 202 1393 uude
228 1328 421 1410 reprobandi
446 1331 521 1393 sunt
547 1328 602 1408 qui
628 1327 737 1391 dieunt
764 1326 929 1406 ‘fruuntur
954 1327 996 1392 ab
1018 1347 1056 1394 eo
1079 1329 1147 1394 siue

119 1432 189 1478 eum
209 1414 278 1477 sice
299 1413 388 1494 eics’,
410 1411 593 1477 huiusmodi
615 1412 699 1476 euim
719 1412 851 1476 cubum
870 1414 983 1493 frum,
1013 1412 1148 1479 acciet

81 1519 105 1559 1⁵
118 1497 275 1562 concutio
289 1496 411 1561 similia
416 1542 425 1577 ,
448 1496 531 1560 cciii
546 1496 591 1560 cii
605 1497 695 1560 cccci
710 1497 776 1561 cisi
789 1495 848 1561 soii
862 1496 991 1578 septim
1006 1497 1147 1581 adiungi

119 1582 213 1646 debet.
247 1584 358 1645 octauo
381 1583 488 1645 cutem
509 1598 585 1645 cusu
607 1579 675 1644 ‘hoe
685 1600 820 1658 prosocc
835 1580 1053 1646 declamante&
1087 1602 1147 1666 pro

119 1685 182 1748 quo
212 1684 320 1743 cassu,
348 1665 386 1727 ut
413 1663 566 1746 diximus,
594 1664 812 1728 nominatiuus
840 1663 875 1728 tn
902 1664 1046 1729 lectione
1070 1687 1147 1750 sepe

118 1748 264 1833 ponitur,
298 1749 338 1812 ob
366 1747 451 1813 hanc
478 1751 558 1831 puto
587 1748 828 1830 necessitatem,
863 1748 940 1832 quia
966 1749 1002 1813 in
1030 1751 1147 1815 eadem

119 1833 260 1899 dictione
275 1833 358 1898 alius
372 1833 591 1898 nominatiuus
607 1854 714 1897 cassus
729 1834 827 1897 uerbo
842 1833 1034 1917 principali,
1060 1836 1147 1919 quod

79 1941 105 1982 so
118 1919 258 2002 primum
289 1917 448 2002 loquitur,
486 1917 699 2001 personaliter
735 1917 939 2002 adiungatur.
988 1918 1079 1984 siout
1110 1921 1148 1984 in

118 2025 212 2068 uersu
235 2002 437 2086 Bregendi
452 2002 649 2086 Lugenici
671 2002 824 2087 legimus:
848 2003 933 2068 sotio
948 2001 1027 2069 cato
1043 2005 1146 2090 mileo,

111 2089 251 2172 populus
265 2088 423 2164 turbatus,
446 2088 483 2151 iu
497 2088 563 2152 acie
581 2088 673 2152 stetit.
708 2088 798 2171 quasi
812 2086 875 2152 hoc
890 2087 1043 2152 dixisset:
1059 2089 1148 2155 solus

116 2173 231 2255 populo
259 2172 384 2236 turbato
411 2171 502 2236 stetit.
547 2171 632 2253 quod
666 2172 762 2236 multi
789 2172 919 2255 penitus
948 2172 1148 2256 ignorantes

118 2256 253 2320 uerbum
281 2274 432 2337 possuere
459 2257 517 2336 est,
546 2255 629 2337 quod
660 2257 791 2320 omnino
818 2257 888 2321 sine
910 2256 1147 2324 coniunctione

80 2362 106 2403 2⁵
120 2339 239 2404 causali
266 2338 336 2402 fieri
363 2359 430 2402 non
451 2341 568 2422 potest.
605 2361 682 2404 nam
705 2341 732 2405 si
755 2340 964 2425 hyperbatico
987 2362 1084 2408 more
1106 2345 1144 2408 in

116 2424 222 2489 media
244 2422 383 2488 dictione
399 2423 559 2488 conmixto
575 2424 671 2489 alium
689 2425 834 2490 ordinem
849 2426 1029 2508 posuisset,
1058 2427 1148 2494 sicut

116 2529 183 2573 non
205 2529 278 2572 raro
300 2508 451 2594 legimus,
472 2507 534 2573 hoc
556 2509 651 2574 modo
674 2510 822 2595 egregius
838 2511 948 2574 doctor
963 2509 1147 2578 edidisset:

115 2596 199 2660 sotus
220 2594 323 2678 mites,
346 2595 492 2659 turbatus
513 2595 597 2659 euim
613 2596 753 2677 populus
773 2598 833 2676 est,
854 2596 891 2659 ic
912 2595 980 2660 ocie
998 2599 1098 2663 stetit.

202 2677 263 2743 Sed
291 2699 380 2743 nunc
407 2678 447 2741 ad
475 2679 636 2761 participii
663 2679 910 2763 expositionem,
939 2678 1026 2744 unde
1056 2703 1145 2765 pene

78 2783 103 2823 oo
118 2784 280 2828 excessum
309 2765 371 2845 est,
399 2766 557 2846 oportune
584 2766 789 2828 reuertamur.
828 2763 1034 2847 participium
1065 2787 1144 2849 pars

117 2847 296 2911 communis
325 2849 374 2910 est
401 2847 574 2930 orationis,
602 2848 689 2931 quod
716 2848 890 2933 generibus
919 2852 952 2912 et
974 2848 1145 2934 significa·

116 2931 261 2995 tionibus
284 2930 453 2996 suffonitur
475 2953 512 2997 ae
535 2931 721 2997 suffulcitur.
761 2933 815 2997 sed
834 2932 1043 3017 participium
1058 2939 1147 2999 tem·

116 3016 205 3099 poris
233 3017 412 3097 praesentis
441 3039 480 3081 cx
506 3017 635 3081 nomine
663 3018 767 3081 omnis
795 3017 924 3103 generis
953 3039 1023 3082 esse
1055 3018 1146 3084 diffi-

184 3237 438 3320 2nominisN(sic)
449 3252 484 3306 N
492 3254 501 3321 ΙΙ
514 3258 530 3306 4
543 3253 721 3320 quodiamN
730 3253 739 3320 ΙΙ
753 3259 768 3306 6
784 3252 984 3308 caraxandaN
993 3266 1065 3307 corr.
1074 3254 1147 3311 Mai

117 3321 131 3390 ΙΙ
144 3327 175 3375 10
193 3321 293 3374 edocte
312 3320 346 3372 N
359 3334 428 3378 corr.
445 3320 536 3390 Mein
555 3327 586 3375 19
604 3321 684 3375 verbi
701 3322 735 3374 N
749 3335 818 3377 corr.
836 3320 901 3374 Mai
918 3321 928 3389 ΙΙ
946 3325 978 3374 22
996 3320 1064 3375 solii
1081 3322 1144 3394 ΝΗ

115 3394 148 3443 25
172 3387 352 3457 aeperbatioo
369 3387 403 3440 N
412 3388 421 3456 ΙΙ
434 3393 467 3441 26
484 3388 569 3442 eliam
587 3389 640 3457 Nn
654 3396 686 3443 33
699 3394 762 3457 post
783 3387 922 3442 diffinitur
943 3393 1034 3442 cetera
1054 3392 1144 3446 cerba

113 3456 249 3510 excidisse
265 3455 405 3510 videntur.
871 3513 880 3546 ,
