2436 3840
85 155 151 210 XIV
483 152 699 208 PRAEFATIO.

86 359 183 416 neque
215 341 343 400 editores
374 342 532 400 auctorum
562 339 681 399 infimae
709 339 819 401 aetatis
846 341 901 398 hac
924 338 956 397 in
983 358 1015 396 re
1040 339 1098 398 sibi

87 432 258 488 constantes
292 430 444 490 vidissem.
508 428 600 488 Nolui
637 432 739 490 tamen
777 428 961 488 differentias
999 429 1099 487 ortho-

86 519 257 595 graphicas,
288 537 362 594 quas
390 520 428 578 ad
457 519 540 594 leges
570 518 823 593 pronuntiationis
856 521 922 576 tum
955 517 1098 592 temporis

84 607 219 682 vulgaris
234 607 432 666 enucleandas
446 608 610 682 plurimum
624 608 724 667 valere
738 607 954 683 intellegerem,
974 605 1094 664 omniuo

84 696 325 770 praetermittere
344 699 375 756 et
393 699 571 771 apparatum
591 695 726 755 criticum
749 695 838 755 nimis
858 713 982 754 onerare
1005 696 1095 754 rebus

83 784 130 844 his
153 785 316 845 levioribus
344 788 379 845 ut
405 784 508 843 multis
532 783 722 844 videbuntur.
767 785 873 859 ltaque
901 783 933 841 in
957 786 1097 842 textum

86 873 186 949 recepi
216 874 360 933 lectiones
390 874 440 933 vel
462 872 590 932 maxime
618 873 779 933 inusitatas
806 872 935 945 veritus,
962 890 1000 930 ne
1028 891 1099 947 pro-

87 962 268 1037 prietatibus
292 963 458 1038 scripturae
482 962 608 1021 detersis
638 963 745 1022 studiis
768 959 973 1038 grammaticis
1001 960 1098 1036 magis

86 1051 235 1110 efficerem
263 1071 352 1126 quam
384 1051 567 1127 proficerem.
617 1051 718 1127 Atque
746 1050 977 1109 consonantibus
1004 1050 1098 1125 gemi-

85 1131 197 1219 natisl)
221 1140 351 1198 multum
373 1140 485 1198 indulsi
512 1139 598 1198 libris
621 1139 653 1198 in
680 1139 726 1198 hie
751 1158 840 1214 saepe
864 1139 1098 1213 concinentibus,

88 1228 236 1287 vocalium
250 1247 323 1288 vero
336 1228 530 1288 instabilitati
543 1247 603 1287 non
618 1229 742 1288 eandem
756 1228 847 1287 fidem
865 1228 970 1304 habui,
994 1246 1097 1302 quam-

88 1336 177 1393 quam
202 1317 293 1375 etiam
312 1319 365 1377 has
385 1319 423 1377 ab
442 1337 499 1376 usu
518 1317 638 1390 vulgari
661 1317 866 1392 discrepantes
886 1315 1097 1391 deprehendes.

86 1405 154 1464 Tali
184 1407 273 1465 modo
305 1426 353 1464 me
384 1425 444 1465 non
475 1407 539 1464 tam
571 1406 702 1465 auctoris
730 1425 820 1482 quarn
847 1406 1039 1464 librariorum
1067 1408 1099 1464 11

86 1494 216 1554 Parisini
253 1497 284 1552 et
313 1493 504 1569 Neapolitani
538 1493 686 1553 scribendi
723 1495 869 1554 rationem
905 1492 1098 1569 descripsisse

87 1583 153 1659 ipse
177 1582 316 1641 concedo:
346 1582 424 1657 quod
447 1581 586 1641 similiter
608 1583 766 1658 plerosque
789 1583 944 1641 auctorum
968 1581 1098 1640 editores

85 1674 116 1731 11
135 1671 233 1730 facere
261 1672 292 1730 et
313 1671 431 1742 fecisse,
459 1671 595 1746 quamvis
624 1672 681 1730 sibi
704 1690 763 1730 non
786 1671 1004 1745 persuaserint,
1027 1672 1096 1746 quis

86 1762 135 1820 est
158 1760 210 1836 qui
232 1759 344 1837 neget?
382 1757 521 1818 Ceterum
545 1760 778 1837 orthographiae
801 1777 936 1837 normae,
964 1776 1038 1834 quas
1066 1760 1099 1818 in

85 1849 170 1908 libris
207 1849 273 1908 aevi
309 1849 506 1925 Merovingici
538 1852 570 1908 et
604 1847 735 1909 Oarolini
774 1848 895 1908 edendis
929 1867 1097 1924 sequamur,

84 1938 216 1999 nondum
240 1937 313 1997 satis
336 1938 508 2015 exploratae
532 1956 597 1997 esse
620 1938 694 1996 mihi
717 1937 838 2013 quidem
860 1938 1008 1996 videntur.

174 2027 311 2102 Denique
330 2026 355 2085 si
374 2026 535 2086 editionem
552 2025 590 2087 A.
608 2026 670 2085 Mai
693 2027 729 2085 de
747 2025 876 2102 Virgilio
899 2026 1097 2102 grammatico

87 2116 217 2174 multum
234 2115 336 2173 meriti
355 2132 422 2172 cum
439 2115 496 2173 hec
509 2117 615 2174 nostre
628 2114 829 2192 contenderis,
853 2117 926 2191 quot
941 2117 972 2174 11
986 2118 1099 2190 quante

86 2202 307 2263 emendaverim
320 2203 369 2262 vel
383 2203 540 2262 emendare
554 2203 700 2264 voluerim
719 2221 894 2280 cognosces,
917 2221 1099 2279 quamquam

88 2310 148 2351 non
167 2308 263 2367 pauca
282 2294 457 2369 supersunt,
480 2309 557 2366 quae
580 2292 780 2352 emendatoris
799 2292 910 2352 auxilio
933 2292 1097 2369 indigeant,

86 2384 121 2439 ut
143 2381 200 2439 hac
223 2380 352 2440 editione
375 2380 499 2457 Virgilii
521 2380 711 2458 grammatici
740 2381 874 2440 studium
897 2382 994 2459 magis
1017 2382 1098 2440 inco·

84 2469 192 2528 hatum
215 2469 255 2528 sit
280 2488 370 2544 quam
392 2469 431 2529 ad
450 2469 538 2528 finem
556 2470 741 2545 perductum.
779 2468 861 2539 Quae
880 2489 948 2530 cum
965 2470 1010 2529 ita
1028 2471 1098 2546 sint,

84 2559 196 2618 multos
205 2576 254 2616 me
264 2576 329 2618 esse
344 2559 518 2642 habiturum
527 2559 743 2634 emendatores,
758 2559 970 2635 castigatorem
980 2559 1098 2617 nullum

85 2646 183 2706 animo
206 2647 293 2706 firmo
316 2667 437 2725 sperare
458 2648 564 2708 audeo.

172 2736 329 2796 Postremo
344 2739 441 2796 restat
454 2740 489 2796 11
508 2736 623 2811 gratias
642 2753 732 2812 agam
749 2735 895 2796 maximas
909 2735 982 2795 viris
1000 2734 1096 2795 doctis

85 2842 159 2900 quoe
181 2824 274 2883 libros
296 2826 516 2901 manuscriptos
539 2825 571 2882 in
588 2843 689 2883 meum
706 2843 796 2883 usum
818 2820 868 2883 vel
891 2842 1029 2884 exarasse
1048 2825 1098 2884 vel

158 3031 184 3096 1)
205 3027 275 3082 Vide
294 3026 390 3097 qualia
408 3029 506 3083 auctor
523 3027 586 3099 ipse
604 3028 780 3099 praeceperit
794 3046 821 3098 p.
837 3035 878 3096 11,
895 3035 928 3084 13
948 3029 1097 3085 Sciendum

84 3116 150 3156 same
168 3101 240 3169 quod
258 3101 419 3170 ubicumque
437 3101 555 3155 vocalem
569 3100 716 3170 quamlibet
733 3102 765 3155 r‘m
779 3101 870 3155 media
888 3106 947 3155 arte
964 3101 1097 3169 possitam

84 3172 260 3241 sduplieatc
278 3177 370 3226 111111
387 3172 486 3239 suerit,
505 3173 617 3227 eamdem
634 3173 753 3227 vocalem
771 3173 949 3241 corripiemus
966 3177 1099 3228 1111111

84 3244 161 3310 fossa
179 3243 275 3297 1111111
292 3243 371 3298 eiecit
388 3244 483 3308 cessit,
502 3248 532 3296 at
549 3244 575 3297 si
592 3258 679 3298 1111
696 3244 799 3298 uocalis
809 3244 978 3311 producetur
991 3247 1024 3297 11
1040 3244 1098 3312 plo-

83 3315 175 3368 rr'oeus
192 3315 274 3369 visus.
292 3345 324 3353 -
343 3331 371 3383 p.
388 3319 478 3382 1111
497 3314 563 3369 Η11
580 3315 613 3369 de
631 3330 716 3369 11111
733 3315 766 3369 11
779 3315 920 3384 plerisque
938 3316 1032 3369 literae
1046 3315 1097 3368 du-

79 3386 225 3454 plicantur
243 3390 422 3441 1111111111
435 3391 467 3440 11
480 3387 576 3440 cellum
589 3402 641 3455 pro
655 3387 741 3441 celum
754 3391 779 3441 er
796 3387 886 3441 cellim
902 3403 956 3455 pro
974 3386 1054 3441 celim
1072 3391 1099 3441 et

78 3457 157 3508 ellim
168 3473 228 3522 pro
246 3457 321 3512 olim.
