2436 3840
413 159 448 214 Il.
475 159 523 212 DE
540 157 769 216 PRONOMINII.

376 345 418 409 II.
453 345 512 408 DII
534 341 809 409 PRONOMINE.

168 480 239 545 Nisi
271 481 407 544 forsitan
435 482 581 545 nostrum
611 500 691 562 opus
719 478 897 542 claudicare
925 480 1102 561 putaretur,

85 566 113 629 si
134 587 199 629 non
224 565 320 629 etiam
342 566 525 647 pronomini
548 586 606 627 sua
628 563 764 647 epistola
778 563 894 626 fuisset
908 563 1049 645 reddita,
1071 567 1104 626 et

83 651 145 714 tibi
167 649 315 714 desiderii
337 649 510 732 tuialiqua
524 651 630 732 portio
647 647 792 712 subtrahi
807 647 982 723 uideretur,
1006 647 1101 711 uelim

84 736 213 817 quidem
236 734 273 798 de
295 734 486 816 pronomine
508 734 611 816 magis
635 733 841 797 conticiscere
865 754 961 816 quam
981 730 1103 814 aliquid

84 819 204 895 dicere,
228 819 414 901 praesertim
434 839 507 882 cum
520 822 586 881 tarn
603 818 696 881 multi
711 817 750 881 de
766 818 825 881 hac
841 819 995 881 orationis
1010 821 1101 899 parte
1128 835 1141 876 s
1179 851 1181 855 ·

85 904 187 966 multa
209 909 242 966 et
264 903 350 967 clera
371 902 423 966 uel
445 902 598 985 opuscula
619 902 751 985 propria
766 901 820 965 uel
835 906 1013 965 ceterorum
1030 923 1103 985 ope-

84 1009 155 1051 rum
177 988 248 1051 loca
268 987 345 1051 baec
360 986 472 1051 eadem
486 991 643 1072 occupata
658 986 901 1069 descripserint,
923 986 979 1050 sed
995 990 1028 1050 et
1042 1006 1102 1072 ego

84 1072 153 1156 ipse
175 1074 208 1134 in
232 1073 380 1155 epitomis
401 1076 450 1136 ter
466 1073 573 1154 quinis
588 1092 721 1135 numero
736 1072 901 1153 proprium
918 1071 1102 1152 pronomini

83 1157 252 1220 indixerim
277 1157 476 1240 opusculum.
510 1159 733 1219 nerumtamen
750 1176 791 1218 ne
806 1155 842 1218 in
858 1155 937 1218 illud
955 1154 1055 1219 Glen
1061 1157 1102 1240 gi

84 1241 241 1319 incedam,
258 1241 344 1323 quod
361 1241 485 1321 cuidam
502 1240 688 1304 conflictum
700 1239 839 1322 fugienti
851 1239 955 1303 dicere
964 1239 1101 1304 fidenter
1115 1257 1141 1296 10

83 1330 244 1389 aususest
256 1346 356 1407 purpo
377 1327 482 1407 inquit
501 1325 604 1407 soporo
622 1324 765 1405 fambulo
788 1325 903 1406 dipoos
924 1329 977 1403 est,
1000 1345 1102 1406 pauca
1117 1356 1128 1376 .-

83 1411 142 1474 tibi
165 1410 212 1473 tui
236 1410 360 1492 negotii
383 1410 562 1473 necessaria
586 1409 628 1472 de
646 1409 833 1492 pronomine
856 1408 1052 1492 profabulor.

168 1493 311 1558 Primum
338 1496 373 1558 in
396 1494 507 1558 ordine
528 1515 708 1577 pronomen
730 1493 857 1557 finitum
880 1497 930 1556 est
951 1513 1019 1576 epo,
1041 1492 1101 1573 <de

83 1580 169 1661 quo>
205 1583 270 1643 tam
304 1579 400 1642 multi
432 1580 617 1643 innumeras
651 1578 855 1642 uentilabant
887 1579 1100 1660 quaestiones,

83 1665 298 1727 inscrutantes
327 1663 487 1746 quomodo
515 1667 547 1727 et
577 1685 640 1746 qua
667 1664 791 1726 ratione
813 1665 881 1726 tam
904 1661 1142 1726 desimilibusro

83 1747 185 1809 literis
210 1749 292 1809 idem
315 1769 494 1830 pronomen
525 1749 731 1830 conpositum
759 1747 817 1826 sit,
848 1750 883 1809 ut
905 1746 1030 1810 dicatur
1049 1766 1102 1827 epo

83 1833 159 1906 mci,
184 1831 268 1913 quod
290 1832 372 1914 pleri
394 1831 535 1914 iurgium
558 1832 605 1893 ita
626 1831 718 1894 docte
741 1831 851 1893 sedare
874 1830 1042 1907 uolebant,
1065 1833 1103 1892 ut

84 1915 290 1980 adfirmarent
307 1936 361 1998 epo
376 1916 462 1979 inter
477 1918 667 1997 monoptota
682 1914 796 1977 debere
812 1935 938 1996 semper
953 1913 1101 1995 adscribi,

82 2004 118 2065 ut
146 2000 179 2062 in
209 2000 296 2063 omni
322 2022 456 2064 numero
486 2020 603 2083 genere
632 2005 665 2063 et
695 2019 787 2064 cassu
814 2018 868 2081 epo
896 1997 1103 2083 singulariter

82 2086 248 2152 diceretur.
298 2084 538 2149 Torrentius
571 2104 624 2166 epo
657 2084 744 2147 inter
777 2083 936 2147 defectiua
968 2082 1143 2146 eredidita

79 2170 302 2244 iudicandum,
326 2173 362 2233 ut
384 2170 507 2234 scilicet
526 2173 659 2252 excepto
674 2167 743 2233 solo
759 2168 961 2233 nominatiuo
976 2167 1101 2231 nullum
1197 2239 1201 2245 ¹

83 2275 206 2318 cassum
241 2254 383 2318 haberet.
434 2255 560 2336 utrique
593 2258 703 2318 tamen
736 2253 887 2317 concordi
919 2252 1101 2316 hortamine

83 2338 276 2420 definitoque
304 2339 408 2401 edicto
436 2337 587 2402 dicebant
614 2358 672 2421 pro
694 2359 747 2420 epo
776 2339 859 2402 mbos
881 2336 1102 2420 accipiendum

152 2542 190 2590 13.
214 2536 284 2590 Erec.
308 2535 394 2590 Rern.
414 2551 444 2603 p.
468 2540 532 2600 195,
551 2539 583 2590 2.-
612 2535 814 2596 Primum...
838 2537 873 2590 de
901 2553 957 2604 quo
984 2538 1044 2591 tam
1067 2577 1099 2591 ..

82 2605 260 2659 ventilabant
290 2603 470 2672 quaestiones
499 2604 641 2672 quomodo
665 2643 672 2658 .
696 2642 701 2654 .
727 2642 734 2657 .
759 2645 765 2658 .
789 2603 972 2657 dissimilibus
997 2604 1101 2658 litteris

81 2673 196 2726 idest.
216 2714 222 2725 .
242 2715 248 2729 .
288 2673 399 2740 uodque
420 2671 543 2741 iurgium
565 2671 607 2724 ita
624 2671 753 2726 doctores
772 2715 779 2728 .
797 2713 803 2726 .
823 2711 830 2726 .
847 2672 881 2724 ut
902 2671 932 2724 in
954 2673 1101 2725 nominum

81 2742 177 2794 nostro
197 2782 242 2798 ...
262 2689 378 2792 definito
399 2780 445 2794 ...
464 2740 487 2792 si
504 2739 546 2792 ita
564 2755 614 2793 cur
631 2779 637 2793 .
652 2779 678 2795 ..
696 2739 794 2792 littera
811 2739 940 2792 servatur
958 2738 1101 2808 ordolsssic

82 2825 214 2863 ...non
233 2807 399 2860 dubilantur
416 2823 478 2861 esse
497 2851 504 2864 .
524 2848 530 2860 .
549 2849 555 2861 .
576 2808 608 2860 ut
625 2807 663 2861 sit
679 2808 734 2860 rite
753 2846 759 2860 .
779 2848 785 2860 .
806 2847 812 2858 .
830 2846 837 2860 .
855 2809 1023 2874 receperunt
1042 2852 1048 2864 .
1068 2849 1100 2864 ..

80 2875 204 2945 plurali.
219 2915 225 2929 .
238 2914 245 2929 .
257 2875 429 2928 retullissem
447 2905 480 2914 -
498 2875 606 2943 grande
623 2905 657 2914 -
675 2874 826 2928 extrimum
845 2877 926 2942 (corr.
937 2891 972 2928 m.
984 2876 1014 2941 2)
1027 2890 1100 2943 quae

66 2944 233 2997 ¹secundum
252 2973 283 2981 -
302 2943 348 2996 vel
367 2957 481 2996 suorum
498 2942 575 3011 quod
593 2973 625 2982 -
644 2941 785 2996 scribitur.

147 3109 285 3164 INCIPIT
305 3108 476 3163 SECUNDA
494 3110 543 3163 DE
560 3109 803 3176 Pnououssnuu
823 3117 838 3164 3
857 3110 966 3165 subtrai
984 3111 1018 3164 N
1031 3111 1041 3178 ΙΙ
1054 3110 1100 3164 ef.

80 3179 250 3245 tinquidem
268 3176 302 3230 N
310 3179 349 3245 114
367 3181 441 3245 magi
461 3177 496 3231 N
504 3180 513 3246 l
527 3184 541 3230 1
560 3177 743 3247 descripserit
758 3177 793 3233 N
800 3179 810 3246 l
823 3183 839 3232 8
854 3177 1032 3245 ephethomis
1044 3176 1079 3230 Ν
1085 3177 1098 3245 Η

82 3253 112 3299 11
130 3246 228 3300 fabulo
245 3245 279 3299 N
292 3251 323 3299 ot
341 3245 376 3310 cf.
394 3246 530 3299 Aldbelm.
546 3261 575 3312 p.
593 3250 627 3299 95
646 3246 699 3300 red.
720 3245 807 3312 Giles)
825 3247 835 3314 ΙΙ
853 3251 884 3300 13
894 3245 913 3298 f.
936 3246 970 3299 de
993 3261 1048 3312 quo
1067 3260 1102 3298 ca

80 3314 108 3366 Β
125 3314 251 3382 supplevi
263 3314 272 3380 ΙΙ
286 3318 318 3366 14
335 3314 489 3367 innumeris
507 3313 541 3366 N
554 3315 564 3381 ΙΙ
582 3313 723 3366 ventilant
740 3312 792 3390 Nl}
807 3320 838 3366 16
855 3312 1024 3381 pronominis
1041 3311 1075 3366 N
1085 3312 1098 3381 ΙΙ

81 3387 112 3518 Ξῖ
133 3381 498 3518 doetl]1lm=d⁰ctium
517 3380 630 3435 nomine
648 3379 680 3434 N
691 3382 701 3450 l
714 3385 746 3435 23
765 3381 929 3448 drfinitoque
947 3379 982 3432 N
990 3381 1000 3447 l
1013 3377 1101 3434 maius

95 3464 110 3501 e
129 3465 196 3504 cras
260 3488 267 3500 .
