2436 3840
411 168 458 224 IX.
486 167 534 222 DE
552 165 771 224 PARTICIPIO,
1061 173 1099 235 'll

80 321 157 402 sini,
181 321 336 405 temporis
357 321 476 403 futuri;
500 325 532 384 et
554 321 600 384 ita
621 342 680 404 per
695 320 839 384 ordinem
853 323 959 386 totum
974 342 1099 385 cassum

79 427 215 473 numero
245 405 401 489 singulari
434 407 469 469 in
501 405 586 470 hano
619 409 756 470 formam
789 426 918 469 uersum
951 428 1018 470 esse
1048 407 1099 470 de-

80 492 215 574 finiunt,
238 492 323 574 quod
343 492 516 555 inussitata
536 491 698 555 latinitate
725 489 897 554 diriuatum
918 493 976 554 est.
1016 490 1100 554 uncle

82 580 116 643 et
137 575 267 660 quidam
290 575 490 640 nominatiuo
513 596 604 639 cassu
625 574 720 639 huius
738 575 900 659 participii
915 577 950 638 in
965 574 1099 638 eandem

81 661 220 727 formam
241 661 308 724 ussi
330 663 415 724 sunt.
452 663 580 742 praeter
601 661 686 724 hano
709 660 794 723 enim
816 660 1003 743 opinionem
1018 657 1101 722 nihil
1126 685 1138 725 5

82 746 224 811 seniores
246 746 349 809 nostri
373 743 411 808 de
434 744 484 808 his
506 743 613 808 uerbis
628 744 831 808 sentiendum
846 747 1010 827 putarunt.
1048 764 1100 827 ge-

81 828 175 895 rendi
196 832 301 894 autem
316 829 415 893 uerba
430 829 595 907 dicuntur,
619 830 694 911 quia
709 851 788 912 opus
804 830 887 911 quod
902 834 1019 892 natura
1033 848 1101 892 non

82 918 152 979 eret
174 936 281 997 suum,
310 915 342 977 ui
365 913 474 996 aliqua
495 916 622 998 gerunt.
661 914 702 978 ob
730 914 791 978 hoo
819 916 852 976 et
874 913 979 978 uotiuo
1002 914 1101 977 uerbo

82 999 207 1065 herent.
248 998 350 1083 typici
378 1002 484 1062 autem
517 998 617 1062 uerba
650 998 721 1062 ideo
757 998 922 1078 dicuntur,
957 998 1034 1081 quie
1063 1019 1101 1060 ex

82 1083 246 1167 praedicto
267 1082 438 1166 participio
465 1084 609 1166 typicata
631 1087 715 1150 sunt.
754 1081 881 1165 quaudo
904 1103 981 1166 ergo
1004 1082 1098 1166 gerit,
1115 1112 1140 1150 11

81 1176 158 1232 tuno
188 1171 316 1232 tantum
347 1166 480 1250 gerendi
507 1188 626 1230 nomen
660 1167 793 1250 accipit,
826 1167 965 1250 typicale
995 1170 1102 1231 autem

82 1273 215 1333 nomen,
239 1253 307 1315 siue
330 1253 357 1314 si
377 1256 469 1335 gerat
492 1252 560 1315 siue
576 1252 675 1314 etiam
690 1273 756 1315 non
770 1258 877 1335 gerat,
901 1250 1102 1314 inmobiliter

81 1337 215 1404 tenebit.
253 1337 323 1419 ipsa
351 1338 458 1399 autem
485 1336 670 1418 partieipia,
700 1337 965 1419 quandocumque
993 1335 1101 1398 uerbis

81 1421 205 1486 fuerint
225 1421 399 1503 applicata,
422 1423 584 1503 tamquam
605 1421 704 1484 uerbo
726 1421 895 1486 sonabunt.
931 1441 992 1483 neo
1007 1422 1100 1503 gestu

81 1505 327 1590 separabuntur,
350 1504 404 1568 sed
421 1505 466 1569 sio
483 1508 576 1587 gestu
591 1507 722 1568 utentur
737 1506 933 1588 conpositiue
949 1510 985 1568 ut
1000 1505 1102 1587 lenens
1116 1533 1140 1574 15

82 1611 172 1657 num
203 1610 262 1673 pro
292 1590 428 1670 tenebam
456 1590 509 1653 uel
542 1590 602 1673 leui
630 1593 662 1653 et
692 1591 792 1672 leoena
819 1611 869 1655 ero
899 1610 958 1672 pro
988 1590 1099 1672 lenum.

82 1675 176 1739 multi
204 1677 349 1738 ueterum
376 1674 438 1736 duo
461 1674 570 1737 futura
591 1675 831 1759 coniungebant
853 1674 905 1739 uel
928 1668 1101 1756 duo'prae·

80 1761 180 1825 terite
205 1763 243 1822 ut
263 1759 441 1824 soluendus
463 1779 514 1822 ero
536 1760 604 1822 siue
625 1759 771 1824 saluatus
790 1759 858 1838 fui,
887 1757 971 1840 quod
993 1758 1028 1821 in
1051 1759 1102 1820 de·

81 1842 259 1909 clinatione
286 1842 375 1906 uerbi
403 1842 522 1906 licebit.
572 1845 713 1906 ueterum
746 1843 792 1907 sio
820 1842 1005 1905 dicendum:
1039 1841 1102 1906 sul-

81 1933 175 1995 vaus
206 1947 277 1993 sum
310 1927 378 1990 siue
410 1928 588 1992 soluendus
616 1946 697 1992 sum.
745 1946 817 1993 sum
849 1926 934 1990 enim
967 1925 1101 1989 uerbum
1114 1957 1141 1996 20

81 2011 218 2095 mobile,
241 2011 324 2095 quod
347 2011 517 2094 partieipia
539 2032 646 2075 seeum
666 2011 776 2076 ierunt
789 2015 887 2095 prout
901 2011 957 2074 illa
972 2010 1101 2093 fuerint,

80 2098 129 2163 sio
157 2116 188 2162 es
215 2101 260 2162 est
287 2115 397 2161 sumus
423 2098 496 2161 estis
516 2102 600 2161 sunt.
639 2097 673 2160 in
695 2095 825 2180 reliquis
848 2098 956 2159 autem
978 2098 1103 2177 tempo·

152 2339 193 2388 11.
212 2333 247 2397 of.
261 2333 329 2386 Eae.
341 2329 435 2385 Naue.
444 2346 475 2398 p.
487 2330 604 2408 19².ch
622 2307 729 2450 1111311111
747 2333 870 2390 notatur.
900 2331 967 2385 Sum
985 2330 1102 2406 verbum

80 2400 240 2471 praesentis
267 2399 402 2464 temporis
424 2401 610 2476 praeteritum
632 2400 770 2466 micare,
818 2398 874 2452 uod
898 2398 1033 2467 Virgilius
1056 2396 1102 2450 ab·

80 2467 169 2522 solvit
194 2467 304 2520 dicens:
331 2465 396 2544 Ipsa
422 2467 573 2585 partioifia
595 2481 634 2533 sq.
654 2505 660 2518 .
681 2506 713 2522 ..
739 2481 807 2519 sona
827 2467 879 2519 unt
904 2480 957 2518 neo
984 2465 1047 2518 estu
1069 2495 1100 2504 -

80 2536 211 2591 ostentus
228 2533 460 2601 oomp0s1t1vaut
476 2562 510 2572 -
539 2532 802 2652 egebamlegiukue,
820 2532 917 2602 legens
932 2548 979 2585 ero
996 2547 1047 2599 pro
1069 2561 1102 2570 -

80 2602 140 2657 dno
162 2603 259 2656 futura
280 2601 327 2655 vel
351 2601 407 2654 duo
449 2603 584 2654 raetenta
606 2615 743 2668 eomunge
764 2601 813 2653 unt
834 2608 868 2652 ut
884 2598 1035 2654 salvandus
1053 2614 1101 2652 ero

81 2670 143 2724 eive
162 2669 287 2724 salvatus
304 2668 346 2721 fui
364 2618 447 2734 quoi)
457 2667 486 2720 in
506 2667 694 2722 declinatione
713 2667 794 2720 verbi
810 2667 915 2721 licebit.

154 2879 166 2924 1
190 2849 285 2924 enisum
303 2872 331 2925 P
343 2871 382 2948 1Ιᾷ
400 2869 532 2922 difiniunt
548 2870 588 2924 P²
604 2871 614 2938 ΙΙ
627 2875 694 2924 3-6
711 2869 787 2923 uude
796 2871 959 2937 -putarunt
977 2882 1027 2923 om.
1044 2867 1078 2922 N
1087 2868 1100 2936 ΙΙ

79 2944 100 2991 4
117 2954 184 2992 oasu
202 2938 264 2992 ΡΝ
272 2940 310 3007 ul
329 2938 406 3006 qula]
425 2953 497 3005 quae
510 2936 544 2990 N
553 2939 563 3005 ΙΙ
575 2953 631 2991 non
650 2954 684 2991 ea
696 2953 770 2990 nune
781 2937 815 2991 N
824 2937 834 3006 ΙΙ
846 2943 862 2992 8
874 2937 921 3006 uj*
939 2935 960 3005 (j
976 2953 1011 2990 ea
1023 2936 1101 3002 corr.)

79 3005 127 3074 N,
152 3023 189 3058 vu
211 3005 239 3059 P
260 3007 270 3074 ΙΙ
292 3005 328 3060 ob
350 3004 416 3074 hoe]
440 3007 492 3057 heo
516 3006 544 3073 (e
561 3006 641 3072 corr.)
659 3004 693 3058 N
706 3006 717 3072 ΙΙ
733 3005 777 3058 of.
795 3003 1022 3074 tipioi—tipioati
1043 3005 1076 3059 N
1085 3005 1099 3073 ΙΙ

83 3079 118 3127 10
136 3071 217 3143 ergo]
236 3076 330 3128 autem
347 3073 381 3126 N
389 3073 400 3139 ΙΙ
415 3079 444 3125 12
458 3071 551 3142 sive{
562 3072 595 3126 N
605 3073 614 3140 ΙΙ
630 3079 660 3124 14
672 3074 758 3126 fuerit
768 3075 809 3138 P,
827 3072 932 3142 &rint
944 3072 977 3126 N
986 3074 996 3141 ΙΙ
1009 3074 1102 3141 gestu]

82 3140 199 3207 Hartel,
217 3144 279 3195 estu
291 3141 332 3206 P,
350 3141 415 3207 feet.
428 3140 485 3193 situ
496 3139 538 3193 uel
550 3143 626 3194 statu
638 3142 648 3208 ss
663 3141 723 3198 141,
740 3141 972 3194 neo-aestentur
983 3154 1033 3194 om.
1045 3140 1080 3195 N
1087 3141 1100 3209 ll

80 3210 150 3262 sunt
167 3207 339 3276 conpositiut
357 3210 446 3276 (corr.)
464 3207 498 3260 N
507 3208 517 3275 ΙΙ
531 3213 562 3261 15
581 3213 662 3277 gestu
680 3208 806 3278 utentur]
825 3208 939 3271 flautei,
959 3209 1104 3261 uestentur

81 3277 126 3344 P,
143 3275 210 3342 fort.
227 3276 360 3330 sistentur
377 3278 387 3344 ΙΙ
407 3274 465 3330 111.
483 3275 622 3356 lenserum
640 3279 710 3347 pero
728 3276 756 3328 P
772 3277 782 3344 ss
802 3282 832 3328 16
851 3291 899 3329 eor
916 3276 944 3328 P
956 3275 966 3342 ΙΙ
982 3280 1011 3329 19
1029 3275 1103 3328 oete·

82 3411 147 3449 rum
164 3395 206 3459 Ρ,
243 3394 364 3464 noenu
377 3399 408 3447 21
427 3361 533 3447 monii
552 3397 578 3464 (e
591 3410 625 3450 eu
635 3395 656 3462 1)
674 3393 727 3463 1111
739 3394 834 3448 ferunt
846 3396 895 3462 (un
908 3392 1033 3460 eaeor.)
1047 3392 1101 3462 1111

81 3463 115 3516 et
131 3463 218 3531 prout
276 3465 287 3532 l
298 3463 349 3516 illa
367 3464 395 3531 (a
411 3465 493 3528 corr.)
511 3461 549 3516 N.
