2436 3840
139 199 199 264 166
370 193 524 250 VIRGILII
542 189 707 248 MARONIS
725 193 933 250 EPISTOLAE.
953 233 955 237 -

136 349 285 415 lectionis
307 348 386 413 haee
408 349 507 412 uerbo
529 347 704 412 seeundum
726 348 866 411 uotiuum
886 347 1168 431 significationem

136 435 187 499 bis
211 453 305 518 agere
327 436 360 497 et
382 432 557 497 seeundum
571 431 734 515 passiuam
748 434 846 496 tertis
860 433 941 496 uice.
975 431 1057 496 diois
1074 434 1167 499 enim

137 519 280 585 hortauit
299 537 332 582 se
352 517 445 582 horto
468 519 500 581 et
521 518 666 584 hastatus
687 521 732 582 est
751 517 853 582 hosta.
890 515 952 580 hoo
968 519 1000 580 et
1015 516 1057 581 de
1073 519 1167 583 omni

137 605 255 686 uerbo,
290 601 375 689 quod
403 602 541 666 ornandi
573 601 790 666 deornondiue
820 600 1027 666 efficientium
1059 606 1164 687 tenet,

111 689 366 756 sineunotanter
380 686 483 769 accipi
498 688 606 771 potest
619 689 657 750 ut
671 706 759 764 orno,
782 705 904 766 corono,
927 687 1036 770 soleio,
1053 691 1166 773 noetio,

137 774 267 851 amicto,
283 773 389 855 oinpo,
404 772 525 852 ionico,
540 771 646 852 tosto,
660 771 785 853 plodio,
801 771 910 853 mitro,
928 791 1035 853 armo,
1052 774 1166 855 spolio,

137 858 237 935 nudo,
267 857 398 937 amicte,
423 857 555 937 fraudo.
599 856 646 920 sie
674 859 706 919 et
734 855 910 920 seeundum
939 856 1040 920 animi
1069 879 1166 923 orne-

137 944 283 1006 mentum
304 944 341 1005 ut
362 942 467 1022 doceo,
489 941 614 1018 erudio,
637 941 750 1023 iubeo,
773 942 911 1021 instruo,
934 939 1087 1021 informo.

222 1024 345 1090 Uerum
367 1024 461 1089 huius
484 1025 640 1109 epistolae
662 1029 840 1108 oportunus
863 1025 992 1108 quidem
1013 1025 1092 1092 finis
1117 1028 1167 1093 in·

100 1137 125 1178 10
137 1110 290 1195 mineret3
306 1110 360 1174 sed
377 1110 521 1194 quaestio
536 1131 617 1194 quae
631 1109 832 1194 perdifficilis
844 1115 894 1174 est
905 1108 946 1175 sd
957 1110 1162 1190 soluendum,

137 1196 224 1281 cogit
245 1216 426 1260 sermonem
447 1195 541 1279 peulo
563 1195 693 1280 longius
714 1193 877 1278 progredi.
916 1195 1036 1259 etenim
1053 1217 1164 1261 eume

137 1278 311 1365 deponenti
337 1279 437 1344 uerbo
465 1281 529 1344 trie
558 1280 730 1363 partieipia
756 1280 866 1343 uenire
889 1299 957 1343 non
979 1279 1161 1365 dubitetur,

137 1369 186 1430 est
208 1365 342 1430 uerbum
365 1365 530 1448 deponens
557 1386 596 1430 ex
619 1386 681 1448 quo
704 1367 856 1448 quattuor
877 1364 1050 1448 partieipia
1074 1365 1163 1431 trahi

136 1448 287 1514 uidentur
319 1453 356 1512 ut
383 1451 483 1531 orior,
516 1471 555 1513 ex
586 1470 648 1532 quo
684 1453 733 1513 est
766 1450 870 1514 oriens
903 1453 1046 1515 oriturus
1074 1457 1165 1518 eruo

98 1557 124 1598 rs
137 1534 301 1600 orirmdos.
346 1534 509 1615 quaeritur
538 1535 648 1617 itaque
682 1534 820 1617 qualiter
848 1533 909 1598 heo
941 1534 1071 1598 ratione
1114 1537 1163 1601 uti

132 1617 327 1699 debeamus,
362 1639 434 1682 oum
468 1617 603 1682 uerbum
635 1618 799 1705 pessiuum
831 1639 897 1683 non
931 1619 987 1702 sit,
1021 1640 1063 1684 ex
1097 1642 1162 1705 quo

99 1737 103 1745 ·
135 1701 294 1767 trahatur.
332 1704 488 1769 oriundus
513 1703 641 1768 uidetur
662 1703 853 1788 quibusdam
875 1725 942 1767 non
965 1724 1034 1768 esse
1058 1706 1162 1789 parti-

138 1788 274 1872 cipium,
298 1787 353 1853 sed
374 1809 493 1853 nomen
516 1788 679 1872 participii
700 1787 860 1871 temporis
882 1786 983 1852 futuri
1004 1787 1166 1856 similent

133 1873 338 1954 furibundus,
362 1874 579 1952 laetabundus,
599 1873 837 1956 prodeuntes,
855 1873 1073 1939 nutabundus.
1108 1877 1165 1940 sed

98 1958 216 2022 rohaeo
244 1959 354 2042 opinio
384 1980 451 2022 non
479 1958 559 2021 mihi
586 1959 715 2023 uidetur
742 1978 810 2022 esse
839 1957 1049 2036 conueniens,
1085 1982 1165 2025 num

135 2043 341 2127 participium
374 2043 529 2108 oriundus
560 2063 655 2106 nomo
687 2042 834 2126 ambigit.
876 2041 932 2107 sed
966 2063 1064 2140 super
1102 2045 1166 2111 hoe

136 2127 391 2210 Galbungum
405 2126 607 2209 interrogans
623 2126 719 2190 simul
730 2127 916 2204 Aeneam,
933 2127 974 2190 ab
989 2147 1035 2191 e1s
1052 2131 1167 2195 unitor

136 2210 260 2293 audiui,
287 2210 361 2292 quia
389 2210 450 2274 hoo
478 2211 683 2293 perticipium
711 2212 794 2275 sieut
821 2215 853 2274 et
879 2216 966 2277 ortus
987 2215 1163 2295 praeteriti

136 2294 290 2377 temporis
318 2294 375 2376 sit3
404 2292 488 2358 unde
516 2297 550 2359 et
570 2295 606 2358 in
627 2296 892 2360 annumeratione
914 2297 1168 2381 participiorum

98 2401 124 2443 rs
137 2378 328 2462 interposita
350 2378 575 2444 coniunctione
598 2379 798 2462 distinctim,
828 2381 874 2444 sio
896 2380 1030 2445 dicimus
1056 2386 1168 2452 oriens

136 2466 278 2530 oriturus
305 2468 390 2529 orius
411 2465 464 2528 uel
486 2465 658 2531 oriundus:
685 2485 810 2548 exque
834 2464 1052 2550 ostendimus,
1084 2468 1167 2536 haee

158 2735 164 2746 ²
206 2674 246 2745 19.
268 2666 338 2722 Erec.
361 2666 447 2744 Nero.
469 2668 573 2746 200,7
591 2671 616 2722 et
638 2666 719 2746 Laid.
737 2666 759 2732 f.
776 2669 836 2720 80³2
866 2665 917 2720 Est
940 2668 1075 2746 quaestio
1124 2689 1169 2728 er-

137 2735 247 2789 drfioihs
277 2734 423 2811 quaerrtur
451 2733 593 2802 (quentur
616 2734 652 2802 L)
680 2735 793 2802 rteqne,
821 2750 878 2802 que
905 2735 1014 2788 retrone
1041 2751 1170 2795 verum

137 2802 333 2880 deponens-et
354 2802 410 2855 trra
452 2801 584 2880 artieipie
612 2801 772 2871 (partieipia
794 2802 849 2879 trio
872 2802 909 2868 L)
932 2803 997 2880 sunt
1018 2805 1055 2858 ut
1080 2807 1169 2875 orior,

137 2869 414 2990 auertet?
436 2887 476 2991 tt
492 2868 802 3006 ἓὲῒέἓέῆὲἓέἓέἱῗ
823 2871 860 2991 {r
899 2885 1170 2998 rrrrmrnrr

137 3019 241 3124 τοᾳεηὲ
262 2980 305 3100 its
325 2953 639 3141 rdspopildemntfi)haeo
663 3003 725 3071 (heo
744 3005 783 3072 L)
804 3003 862 3058 ‘duo
885 2954 1038 3074 partiariis
1059 2962 1167 3065 ‘ortui’

138 3088 220 3126 onun
240 3088 273 3125 us
305 3089 387 3126 umus
419 3089 501 3125 umus
577 3088 646 3127 esse.

206 3265 219 3312 1
244 3257 338 3312 active
365 3257 533 3326 significatio
555 3258 613 3327 Nu
631 3265 646 3312 3
668 3259 898 3313 artavit-astam
921 3259 956 3312 N
969 3259 979 3327 il
994 3258 1168 3318 hastatus-

137 3337 411 3423 hostem-hestiitus
433 3358 467 3413 N
517 3364 533 3412 4
560 3339 747 3414 deornandive
770 3359 813 3426 N,
837 3359 1024 3414 decorandive
1044 3363 1117 3420 Mai
1129 3368 1168 3434 i⁶

125 3426 222 3506 ‚esitio
237 3426 274 3479 N
279 3425 321 3496 fle
339 3425 439 3480 emitio
483 3428 553 3551 11,ss
572 3443 617 3481 ser
633 3427 801 3497 perlongius
819 3427 853 3482 N
862 3429 872 3497 11
885 3428 910 3496 a]
930 3426 967 3480 ad
984 3428 1019 3481 N
1028 3429 1039 3498 [Ι
1054 3436 1088 3486 13
1108 3450 1167 3504 quo

151 3493 295 3558 quattuor
309 3494 368 3566 Nl!
380 3501 413 3552 15
432 3512 465 3552 ao
517 3537 524 3552 .
