2436 3840
113 131 155 195 52
346 125 502 181 VIRGILII
519 123 684 180 MARONIS
702 123 898 193 Epirotica.

113 283 177 346 hoc
192 282 349 344 Aeneas
372 281 404 343 et
419 278 558 345 Cicero
574 277 747 362 obiurgant
761 276 904 342 dieentes
919 277 1134 343 indicatiuum

113 365 243 431 modum
264 365 304 429 ab
331 364 480 429 omnibus
501 362 596 428 certis
623 362 825 427 auctoribus
836 362 1059 446 principaliter
1080 385 1134 428 us·

114 453 297 534 surpatum,
326 448 553 533 imperatiuum
580 451 686 512 autern
714 446 901 512 secundarie
929 468 1055 531 semper
1075 448 1135 512 ha·

65 602 70 610 ,
114 537 229 618 bitum,
252 534 440 619 praesertim
462 555 535 598 cum
556 532 766 617 imperatiuus
781 531 894 596 modus
909 532 1047 615 primam
1060 554 1135 617 per·

88 640 228 684 asenam
260 641 327 683 non
361 618 490 696 habeat,
525 638 606 701 quae
638 638 777 701 persona
809 616 963 701 primaria
993 639 1063 682 esse
1092 618 1134 683 ab

114 704 298 769 hominibus
321 702 475 784 difinitur,
498 702 576 767 licet
597 701 632 766 in
653 701 770 786 plurali
785 722 920 767 numero
936 701 1047 766 eadem
1062 724 1135 786 per·

115 812 196 854 sona
221 787 315 853 modo
343 787 533 871 imperatiuo
561 786 752 871 accipiatur,
781 807 876 870 quam
903 786 1054 850 nonnulli
1082 809 1136 852 ue-

114 881 219 938 terum
242 873 339 938 etiam
361 872 396 936 in
418 873 479 937 hoc
501 892 634 936 numero
650 892 808 955 accepere.
839 871 1005 954 eptaticus
1020 871 1136 937 modus

116 959 243 1034 dicitur,
267 979 325 1041 per
346 979 442 1041 quem
463 978 557 1020 omne
580 956 663 1040 quod
686 955 934 1040 'concupiscibile
954 956 1062 1020 animo
1087 957 1136 1039 fit,

78 1067 103 1105 10
116 1045 255 1126 optatur.
285 1043 368 1106 unde
391 1046 424 1107 et
445 1041 631 1106 aduerbium
652 1040 783 1125 optandi
798 1041 982 1125 frequenter
997 1041 1137 1106 adsumit

116 1128 179 1192 hoe
202 1130 250 1190 est
270 1128 406 1206 utinam,
431 1127 521 1191 euius
543 1129 593 1190 est
615 1147 727 1190 sensus
749 1125 865 1191 callim.
910 1125 965 1190 sed
988 1125 1136 1192 aboritur

116 1211 260 1295 quaestio
293 1233 361 1276 non
399 1211 549 1291 minima,
590 1211 694 1294 quoad
730 1210 792 1274 hoc
825 1210 1011 1276 aduerbium
1045 1213 1135 1276 omni

116 1317 273 1381 personae
299 1297 468 1361 conueniat
489 1298 626 1362 uticam.
672 1295 727 1359 sed
749 1294 810 1359 hoo
833 1294 1020 1378 dicendum,
1049 1297 1137 1379 quod

119 1382 307 1446 aduerbium
322 1382 369 1445 ita
384 1382 474 1446 omni
491 1402 648 1465 personae
663 1380 874 1464 coaptabitur,
891 1383 928 1445 ut
941 1379 1040 1444 fuerit
1054 1380 1135 1446 ordo

80 1487 105 1527 rs
118 1487 339 1550 personarum,
360 1470 397 1529 ut
419 1466 462 1529 sit
482 1466 608 1530 utinam
629 1466 776 1529 uideram
796 1465 986 1549 procellim,
1008 1466 1137 1532 uticam

116 1552 246 1615 uictores
267 1570 325 1633 pro
347 1551 447 1630 cellia,
470 1551 596 1615 utinam
618 1551 744 1614 uiolaret
766 1571 824 1633 pro
846 1550 934 1615 uellit
954 1553 988 1615 et
1008 1549 1055 1614 sic
1077 1572 1137 1635 per

117 1638 231 1698 cetera.
276 1638 325 1698 est
352 1634 449 1698 etiam
478 1632 541 1699 alia
567 1633 661 1698 huius
694 1633 885 1714 intellectio,
921 1634 1050 1717 quando
1077 1656 1137 1718 pro

117 1720 258 1800 uticam,
279 1724 324 1783 at
343 1718 482 1803 ponitur.
528 1719 591 1783 alio
613 1720 745 1782 nomine
767 1720 921 1783 Aeneas
943 1719 1081 1784 uocabat
1102 1726 1139 1786 ut

117 1824 176 1888 pro
199 1803 344 1887 optatiuo
366 1804 582 1869 caussatiuum
604 1807 752 1888 poneret,
776 1802 860 1868 unde
883 1807 915 1868 et
936 1825 994 1887 pro
1017 1809 1053 1870 at
1074 1805 1137 1871 hoc

79 1908 104 1948 ao
118 1889 190 1954 loco
232 1910 272 1954 ree
308 1889 468 1954 causalem
504 1909 637 1972 persepe
672 1888 831 1971 ponimus.
891 1888 1037 1954 aboritur
1074 1891 1139 1955 alia

117 1974 262 2057 quaestio
290 1974 324 2036 in
349 1975 409 2038 hoe
439 1973 548 2038 eodem
577 1973 686 2056 modo,
716 1994 814 2057 quare
837 1973 999 2057 optatiuus
1022 1975 1138 2040 modus

117 2079 184 2123 non
211 2058 341 2122 solitum
363 2061 543 2141 temporum
565 2079 733 2126 numerum
756 2057 920 2142 suppleat,
949 2059 1033 2124 sicut
1053 2059 1138 2124 indi-

186 2246 211 2294 8.
230 2241 487 2307 Eac.Bera.197,
505 2240 731 2325 10:u0ptativus
755 2244 924 2311 [optavimus
940 2243 1011 2312 cod.)
1033 2244 1140 2300 dicitur

118 2354 150 2363 —
169 2324 331 2392 concupisci
348 2324 403 2378 vile
422 2324 459 2378 sit
476 2355 507 2363 —
527 2328 578 2392 opt
601 2343 637 2379 an
655 2357 687 2365 -
706 2328 839 2381 convenit
856 2358 889 2367 —
911 2327 989 2394 quod
1012 2327 1067 2383 hoc
1090 2329 1138 2384 ad·

118 2391 245 2445 verbium
264 2421 296 2430 —
315 2393 417 2446 cetera.
452 2391 522 2447 Eae.
534 2392 624 2451 Nacc.
633 2410 664 2463 p.
676 2399 721 2449 19:
741 2410 883 2452 ...omne
896 2394 973 2462 quod
987 2426 1019 2434 —
1032 2394 1074 2451 fit
1093 2399 1140 2451 est

119 2459 175 2536 alia
197 2459 285 2512 etiam
307 2459 389 2513 huius
411 2461 489 2514 modi
505 2461 693 2517 intellectatio
711 2461 823 2531 quando
841 2478 892 2531 pro
910 2463 1019 2516 utinam
1036 2465 1071 2517 ut
1088 2480 1139 2534 po·

118 2528 206 2594 mtur;
231 2526 286 2580 alio
304 2528 417 2582 nomine
435 2533 543 2583 Aeneas
560 2559 594 2568 -
612 2531 785 2584 causativum
803 2560 836 2568 -
854 2546 889 2584 ne
908 2529 1051 2584 causalem
1070 2548 1139 2602 sepe

118 2594 256 2664 ponimus.
317 2601 358 2650 22.
375 2596 446 2651 Eae.
458 2596 545 2654 Bora.
559 2602 621 2661 197,
639 2602 687 2651 18:
707 2596 799 2661 Quare
818 2597 961 2666 optativus
978 2599 1140 2668 —supleat

119 2663 142 2715 si
165 2662 310 2785 indicafisst
333 2665 527 2718 coniunctivus
546 2695 577 2704 —
596 2664 715 2719 dicenda
738 2667 781 2718 est
800 2695 830 2703 —-
850 2665 927 2732 quod
950 2667 992 2719 est
1015 2666 1139 2736 amplius

119 2761 152 2770 -
170 2747 259 2800 suppa
298 2771 304 2784 .

189 2906 202 2951 1
220 2916 316 2953 aeneaes
327 2901 356 2954 P
367 2901 377 2968 ΙΙ
391 2907 406 2953 2
423 2900 583 2955 hominibus
594 2900 623 2953 P
634 2901 644 2968 l
657 2901 799 2955 actoribus
810 2902 838 2955 P
850 2903 860 2969 ΙΙ
873 2909 889 2955 3
901 2900 1074 2955 secundariae
1085 2902 1114 2957 P
1124 2902 1138 2973 ΙΙ

119 3015 250 3070 habeam
261 3012 289 3071 P
301 3018 311 3085 [l
324 3024 340 3071 4
352 2981 443 3086 modis
454 3019 482 3072 P
494 3020 504 3087 l
516 3020 704 3088 personassllfs
713 3019 741 3072 P
753 3020 763 3088 ΙΙ
776 3025 792 3072 6
804 3019 833 3075 in
844 3030 911 3089 [mss
923 3019 977 3073 rali
988 3020 1017 3074 P
1028 3021 1038 3089 l
1051 3009 1141 3090 peona

118 3119 169 3198 Pl}
181 3124 197 3196 β
210 3097 261 3171 ho⁰
271 3120 300 3174 P
311 3119 322 3186 ΙΙ
332 3120 394 3199 acci
415 3135 461 3174 ere
473 3120 502 3174 P
512 3121 636 3241 Rmodus
651 3120 677 3178 d.
688 3135 738 3174 om.
748 3120 782 3175 N
791 3122 801 3190 l
815 3127 845 3175 11
859 3121 961 3175 vealim
971 3120 1005 3176 N
1014 3122 1024 3190 ΙΙ
1038 3128 1071 3176 12
1083 3140 1138 3178 non

119 3186 248 3323 mmrmah
262 3202 378 3295 non-nna
429 3188 509 3308 ffiro
542 3188 577 3242 ab
590 3188 630 3254 P,
649 3188 724 3266 quod
735 3188 793 3267 Nl
810 3188 870 3243 14f.
889 3190 950 3242 ut·
971 3205 1139 3268 'arsenarum

119 3254 221 3309 oraN
271 3261 303 3310 15
338 3261 369 3307 21
393 3270 428 3309 ve
514 3257 543 3310 et
565 3257 607 3309 est
629 3255 705 3310 ahud
726 3257 843 3327 pomtur
862 3273 914 3326 pro
936 3274 955 3309 u
999 3258 1139 3314 amunde

119 3371 171 3422 pro
195 3356 227 3409 ut
248 3356 375 3411 aboritur
396 3355 453 3409 alia
474 3358 584 3423 questio
603 3356 637 3410 N
651 3359 661 3426 ΙΙ
680 3364 711 3411 17
728 3326 781 3410 hrii
797 3356 826 3411 P
837 3359 848 3427 ΙΙ
862 3363 894 3413 18
911 3357 1025 3413 homine
1043 3360 1072 3415 P
1084 3361 1095 3428 l
1107 3366 1140 3415 20

119 3423 168 3491 ne]
187 3439 240 3477 nec
256 3425 351 3493 Puer
369 3423 517 3479 in-modo
534 3439 584 3478 om.
601 3424 698 3493 1111122
715 3425 841 3479 saluum
858 3426 900 3493 P,
918 3425 1138 3496 solillssltnmN.
