2436 3840
436 151 484 205 ΙΙΙ.
512 149 561 204 ΒΕ
578 150 710 210 unane.
1022 153 1081 218 141

68 325 130 367 non
152 303 391 385 meditatiuam‚
420 303 497 367 licet
522 303 554 366 id
578 302 774 368 consuetudo
797 304 889 368 nobis
912 305 1080 390 inuenerit,

14 402 16 404 ’
65 389 121 451 sed
142 388 364 472 permissiuam
380 409 421 452 an
436 388 672 451 uoluntatiuam
688 387 792 452 dicere
808 387 968 453 debemus.
1003 411 1082 455 non·

64 472 146 536 nulli
175 473 260 536 inter
288 471 366 536 alios
394 472 489 536 huius
515 472 636 537 formae
664 474 763 536 uerba
788 493 845 555 per
873 474 982 537 omnia
997 477 1082 538 ‘tem-

64 578 145 640 pora
172 556 347 620 seeundum
374 557 512 640 primam
540 555 707 621 dumtaxat
728 577 899 640 personam
922 557 1082 623 declinare

63 645 215 705 utuntur:
239 642 324 724 quod
346 662 412 705 non
434 641 513 705 mihi
536 641 664 705 uidetur
685 642 921 725 inprobandum
937 663 997 707 nec
1012 663 1081 726 pro·
1108 661 1120 699 ⁵

64 725 213 788 bandum.

150 808 292 872 Tertiam
320 808 456 872 diximus
477 811 603 892 partem
625 831 693 874 esse
715 810 807 875 uerbi
830 810 1081 875 ordinationem:

66 893 156 957 cuius
196 894 230 956 in
267 895 539 978 expugnationem
571 894 733 978 paulisper
766 895 919 958 inmorari
951 916 1082 959 necesse

66 977 236 1056 habemus,
265 979 454 1061 praesertim
477 1000 547 1042 cum
571 980 609 1043 de
637 980 709 1064 ipso
738 979 849 1063 opinio
869 979 1094 1062 plurimorum

65 1065 132 1125 tam
164 1063 255 1126 uaria
287 1066 319 1126 et
350 1066 416 1126 tam
450 1064 575 1127 diuersa
607 1063 666 1146 sit,
702 1068 739 1127 ut
771 1064 847 1146 quid
878 1065 1082 1146 potissimum
1096 1084 1121 1123 ro

65 1147 236 1211 lectoribus
265 1148 392 1211 animus
423 1151 573 1230 appetere
601 1148 733 1231 debeat,
764 1147 815 1212 uel
843 1148 1010 1232 ignoretur
1032 1148 1082 1213 uel

66 1232 214 1316 ambigue
229 1233 411 1314 putatiuum
427 1231 591 1295 habeatur.
630 1231 791 1296 ordinatio
807 1253 886 1315 ergo
902 1235 964 1316 est,
987 1254 1083 1316 qnam

67 1316 329 1399 coniugationem
357 1316 530 1379 uerborum
559 1316 838 1380 consuetudinarie
866 1317 1083 1382 nominamus:

65 1421 140 1463 nam
171 1401 255 1482 quod
285 1401 396 1485 iugum
425 1399 460 1463 in
489 1401 589 1464 literis
618 1405 728 1485 sonat,
759 1402 830 1486 ipse
851 1401 1083 1467 manifestatim

65 1484 141 1548 ordo
163 1488 260 1548 tenet.
297 1484 381 1549 unde
408 1484 470 1548 rati
493 1489 569 1549 sunt
589 1486 745 1550 maiorum
766 1486 898 1570 plurimi
920 1508 987 1550 non
1010 1503 1122 1551 con-1⁵

65 1569 245 1653 iugationes
257 1569 311 1633 sed
324 1569 543 1633 ordinationes
555 1569 739 1635 scribendas
751 1593 827 1636 esse.
850 1571 963 1636 harum
975 1575 1083 1635 autem

66 1653 305 1717 ordinationum
333 1675 500 1718 numerum
528 1654 621 1718 multi
641 1658 721 1732 tres,
750 1656 900 1719 nonnulli
922 1659 1082 1739 quattuor,

67 1737 122 1799 alii
144 1737 282 1818 quinque
304 1738 356 1800 uel
379 1759 435 1801 sex
457 1742 619 1802 sumentes
642 1739 823 1803 confudere.
857 1761 933 1803 nam
955 1742 1084 1822 praeter

66 1825 146 1900 tres,
175 1821 278 1884 omnis
306 1841 415 1884 eorum
437 1821 570 1885 uacillat
592 1823 719 1904 opinio,
743 1823 819 1886 licet
841 1826 988 1904 quartam
1011 1844 1084 1886 con·

65 1904 278 1988 iugationem,
302 1905 370 1968 siue
392 1908 429 1968 ut
450 1905 526 1969 huic
548 1906 582 1969 in
605 1907 753 1970 manibus
768 1905 936 1988 habemus,
961 1906 1083 1970 ordina·
1098 1925 1123 1965 ao

65 1990 188 2053 tionem
204 1990 313 2073 (non)
329 1989 408 2054 adeo
423 1990 627 2054 refutandam
642 2011 710 2054 esse
726 1990 952 2054 existimemus
986 2011 1084 2074 porro

65 2073 193 2138 tertiam
217 2074 449 2138 ordinationem
473 2075 508 2138 in
531 2079 597 2139 tres
612 2075 756 2159 plerique
773 2074 976 2139 diuidendam
992 2080 1084 2161 puta·

66 2162 156 2236 runt,
182 2162 219 2222 ut
241 2159 284 2223 sit
305 2159 410 2242 prima
433 2181 514 2243 quae
536 2181 614 2224 uero
633 2160 804 2243 producta,
828 2161 991 2241 mundio,
1015 2161 1084 2224 dor-

67 2244 147 2320 mio;
180 2264 260 2325 quae
286 2244 337 2307 uel
365 2245 504 2309 maxime
531 2245 567 2309 in
594 2245 645 2309 his
673 2245 776 2310 modis
804 2244 856 2309 uel
884 2245 1084 2327 temporibus

66 2325 281 2409 facillimeque
304 2327 502 2408 denoscitur,
527 2351 608 2412 quae
632 2351 740 2394 sumus
763 2329 898 2393 inferius
920 2329 1081 2412 scripturi.
1097 2346 1122 2386 2⁵

69 2408 186 2473 etenim
208 2431 273 2473 non
297 2411 398 2474 estid
421 2413 507 2495 quod
528 2414 563 2476 in
584 2418 726 2478 mentem
747 2413 840 2478 modo
856 2415 947 2477 uenit
962 2415 1085 2481 lubrico

65 2496 206 2574 irrepens
226 2499 330 2577 raptet
351 2495 476 2560 obliuio.

152 2576 285 2643 Memini
300 2599 351 2642 me
367 2601 386 2642 a
401 2579 539 2662 quodam
551 2578 660 2662 Lupo
676 2580 852 2645 christiano
863 2580 933 2644 uiro
947 2582 1085 2644 Athensi

65 2662 101 2725 in
124 2662 248 2726 ratione
269 2664 440 2727 uerborum
456 2664 533 2728 satis
550 2668 697 2746 experto,
721 2685 793 2729 cum
807 2664 900 2728 illum
912 2664 1084 2729 uerborum

67 2746 246 2811 difficilium
264 2747 496 2832 interrogarem
511 2748 789 2833 <ordinationem>
806 2749 943 2832 qualiter
958 2752 991 2813 et
1006 2770 1083 2832 quo·
1097 2768 1122 2808 co

65 2831 159 2895 modo
181 2836 214 2896 et
235 2854 299 2916 qua
320 2833 446 2898 ratione
468 2835 593 2898 uariata
615 2834 670 2915 sit,
693 2834 801 2898 taliter
816 2834 856 2897 ab
872 2854 909 2897 eo
926 2834 1082 2899 edoctum.

66 2918 171 2981 uariis
192 2917 319 2999 inquid,
342 2918 404 3001 feli,
427 2919 664 3001 opinationibus
685 2938 749 2984 uon
764 2921 844 2984 sctis
858 2920 982 2998 credor,
1006 2920 1084 3001 quio

135 3109 149 3154 2
168 3103 215 3171 an]
236 3118 269 3155 ae
287 3101 401 3169 Maius
419 3101 489 3156 alias
501 3103 535 3156 N
567 3109 583 3156 4
600 3104 752 3157 secundam
764 3102 798 3156 N
807 3104 845 3171 1Ιὸ
861 3103 1082 3181 inprobandum]

66 3171 83 3222 ΐι
100 3186 134 3224 erc
151 3185 219 3224 corr.
238 3169 292 3236 Nl
305 3168 347 3222 cf.
365 3169 504 3238 probandi
570 3171 665 3238 itaque
682 3171 800 3237 fortasse
816 3171 856 3226 sic
873 3171 1017 3240 legendam
1035 3187 1083 3238 qur

67 3252 122 3290 non
140 3237 209 3316 mihi
227 3237 360 3290 videntur
376 3237 546 3306 inprobandi
563 3254 616 3291 nec
634 3238 774 3305 probandi
786 3239 797 3306 ΙΙ
811 3244 840 3291 11
859 3239 923 3304 fort.
943 3237 1080 3358 lectoriscpl

68 3304 1001 3452 taciturnitati-fuattributati.itaa
1013 3305 1080 3425 iri:

67 3437 376 3495 borum-ordinatione
395 3457 463 3496 corr.
479 3441 542 3520 Mai
555 3442 565 3509 ΙΙ
578 3447 610 3495 30
628 3441 833 3496 ordinationem
851 3440 918 3498 add.
