2436 3840
298 183 347 239 ΙΙΙ.
375 181 635 237 FRAGMENTUM
651 181 946 237 MEDIOLANENSE.
1072 183 1132 248 101

116 337 227 401 oculus
243 337 282 400 ab
299 337 465 401 oculando.
496 323 581 399 auris
598 336 637 399 ab
653 334 830 400 hauriendo
847 335 990 399 auditum
1006 302 1132 400 dicitur.

114 425 224 505 pectus
253 443 272 484 a
300 420 526 505 philosophica
556 421 718 484 latinitate
747 441 819 484 cum
849 419 1066 485 additamento
1096 443 1132 484 ·s·

116 507 265 570 scribitur
293 528 331 569 ex
360 527 397 570 eo
425 506 509 589 quod
537 508 661 589 spectat
683 505 722 568 ad
745 505 848 569 cordis
871 509 1003 568 secreta.
1048 505 1133 569 unde

114 591 263 671 lucanus,
291 590 420 674 quando
449 611 483 653 as
505 595 634 673 pectore
658 590 794 654 colitant
817 589 1040 672 cogitationes.
1078 591 1133 654 sed

114 697 173 740 nos
188 679 300 758 pectus
316 697 334 738 a
349 675 553 758 pectinando,
575 675 608 738 id
623 678 673 738 est
685 675 893 739 discernendo
906 675 1130 758 cogitamenta.
1159 694 1172 734 a

115 759 199 824 unde
221 762 256 824 in
278 761 408 824 modum
430 759 532 843 pactis
555 759 721 824 cuiusdam
750 760 847 823 etiam
867 759 1038 823 nisibiliter
1056 780 1133 823 con-

115 847 246 928 pactum
268 848 327 908 est.
364 844 446 908 unde
475 848 507 908 et
529 866 610 929 quae
632 845 667 908 in
689 847 817 928 pectore
840 844 923 908 male
947 844 1135 928 cogitantur

115 934 247 1012 peccata
269 929 425 993 dicuntur.
463 928 561 993 ubera
582 929 713 994 nonnisi
734 928 903 993 mulierum
932 929 995 993 dici
1016 928 1135 992 debent

116 1014 155 1077 ab
178 1013 324 1077 ubertate
347 1014 448 1078 lactis
487 1014 514 1077 si
530 1014 600 1098 quis
616 1016 651 1079 in
665 1014 743 1078 uiris
766 1014 864 1077 ubera
879 1014 1018 1078 uoluerit
1032 1014 1134 1077 nomi·

115 1119 207 1180 nare,
229 1099 337 1162 uirilia
360 1102 469 1181 erunt,
492 1102 546 1180 qui
567 1098 715 1163 humores
735 1098 931 1163 inundanter
947 1099 1133 1162 exuberant.
1149 1119 1173 1156 10

116 1183 299 1267 philosophi
332 1184 486 1247 uirtutem
515 1188 547 1247 et
580 1204 715 1252 cursum·
748 1183 834 1247 man·
870 1190 902 1246 et
933 1185 1008 1266 pe‘n·
1040 1204 1134 1247 uoca-

115 1270 243 1334 uerunt.
287 1288 422 1351 quorum
451 1268 618 1332 nominum
646 1288 704 1351 per
730 1288 839 1332 omnes
870 1289 961 1332 casus
984 1288 1135 1331 numeros

116 1372 234 1435 genera
255 1355 447 1436 monoptata
475 1352 646 1416 declinatio
669 1354 728 1416 est.
766 1349 882 1416 amari
902 1373 979 1436 ergo
1001 1350 1064 1417 hoc
1086 1355 1135 1415 est

115 1438 234 1501 uirtute
262 1458 376 1501 manus
404 1437 582 1521 appellatae
613 1440 689 1501 sunt
716 1439 749 1500 et
775 1459 794 1501 a
818 1437 882 1520 pert
907 1436 1019 1520 pedes,
1049 1436 1135 1520 quod

116 1543 135 1586 a
158 1543 252 1586 cursu
281 1524 338 1585 est.
383 1522 468 1587 labia
496 1544 534 1586 ex
556 1523 665 1586 labore
693 1521 855 1606 loquendi.
901 1543 1016 1586 aeneas
1044 1542 1134 1586 meus
1148 1538 1174 1579 15

117 1628 351 1689 supernomen
374 1608 459 1671 aliud
481 1607 653 1690 intellegit.
691 1607 731 1670 ob
753 1607 815 1671 boc
837 1607 949 1690 inquid
972 1607 1058 1670 labia
1081 1627 1135 1670 no·

118 1694 245 1768 cantur,
280 1692 355 1774 quia
385 1691 515 1755 cottidie
546 1713 603 1775 per
630 1692 729 1755 uerba
761 1692 797 1755 in
826 1692 944 1755 uitium
972 1691 1135 1755 labuntur.

117 1775 199 1857 lapis
215 1773 253 1838 de
268 1775 372 1858 lapsu.
404 1775 459 1838 sed
476 1775 572 1839 altius
587 1774 710 1858 lapides
726 1774 875 1839 dicuntur
891 1776 930 1839 de
945 1796 1003 1838 sua
1017 1775 1136 1858 lampa·

117 1859 216 1924 ditate
223 1909 232 1942 ,
254 1861 330 1942 quia
352 1880 391 1922 ex
414 1859 459 1922 eis
482 1859 644 1942 lampades
666 1859 768 1942 igitur
787 1861 1017 1924 accenduntur.
1052 1859 1137 1922 unde

117 1946 150 2009 et
177 1943 299 2026 lapides
326 1943 464 2027 preciosi
480 1945 532 2008 'ex
560 1944 658 2008 msito
686 1943 748 2007 sibi
770 1943 950 2028 splendore.
989 1965 1066 2007 saxa
1088 1945 1135 2007 in·
1149 1959 1175 1998 20

116 2029 224 2093 mania
258 2033 290 2093 et
322 2028 497 2093 inmobilia.
545 2032 638 2112 petra
671 2029 711 2092 de
750 2029 881 2106 duricia.
926 2049 1021 2092 omne
1050 2028 1137 2092 enim

118 2114 232 2179 durum
260 2117 292 2178 et
320 2113 518 2178 indomatum
548 2115 633 2198 apud
654 2115 779 2178 ueteres
801 2117 928 2198 petrum
951 2113 1136 2178 uocabatur.

117 2200 200 2296 quod
224 2220 441 2283 quaecumque
464 2220 583 2298 nornen
610 2201 646 2262 ut
667 2199 772 2263 uerba.
811 2197 985 2264 secundum
1006 2198 1138 2282 propin-

117 2283 1137 2453 thidihtesmsciiirltuidiiirtieitittlligcdhlddauiiuritnstibadiisedliddri·
1150 2370 1176 2424 2⁵

117 2471 201 2514 sura.
239 2452 363 2513 ueteres
391 2471 410 2512 a
437 2472 557 2516 mensa.
594 2473 631 2515 eo
657 2453 742 2535 quod
771 2473 971 2516 communem
992 2473 1137 2516 mensam
1179 2493 1181 2498 2

118 2533 265 2598 omnibus
295 2534 361 2597 suis
390 2533 549 2599 fructibus
577 2535 710 2615 faciant.
745 2536 831 2600 uncle
859 2542 891 2599 et
918 2536 1049 2600 iemales
1071 2556 1137 2599 non

118 2640 241 2684 menses
270 2617 350 2701 dici,
382 2620 435 2683 sed
465 2621 570 2703 spatia
597 2619 720 2686 uolunt.
759 2620 863 2706 gloria
893 2640 930 2682 ex
953 2641 989 2682 eo
1012 2619 1137 2696 dicitur,

118 2705 194 2790 quia
228 2704 285 2769 alti
319 2704 434 2789 quique
468 2708 506 2769 ut
532 2707 608 2769 sunt
635 2704 679 2768 dii
706 2705 792 2790 apud
820 2703 1006 2787 philosophi
1033 2703 1138 2851 glores

118 2791 277 2855 dicuntur.
322 2790 376 2854 sed
406 2791 527 2855 cercius
553 2790 689 2875 gloriam
721 2811 740 2853 a
772 2788 1005 2874 glorificatione
1046 2787 1137 2852 audis
1150 2807 1177 2847 eo

118 2876 244 2940 dicitur.
287 2874 350 2939 boc
379 2875 544 2939 sciendum
567 2875 651 2958 quod
673 2873 782 2938 omnia
804 2894 885 2956 pene
908 2874 992 2957 apud
1014 2876 1139 2938 ueteres

119 2961 197 3024 aliat
230 2960 420 3023 dicebantur
452 2962 484 3023 et
516 2980 602 3023 nunc
636 2958 720 3041 apud
758 2979 827 3056 nos·
857 2957 935 3022 aliat
969 2957 1137 3055 habentur.

119 3067 157 3194 {l
186 3045 634 3213 ppppusprepcriogrpperlfppppm
654 3043 902 3212 ltegtttt
928 3043 1140 3192 thart

120 3213 345 3297 gratulatione.
386 3233 446 3277 nos
474 3211 609 3277 dicimus
637 3210 800 3277 brachium
830 3235 868 3278 ex
895 3213 1024 3276 bracho.
1068 3210 1139 3273 bra·
1152 3229 1178 3270 aa

121 3298 228 3362 chium
250 3299 390 3362 enimin
412 3297 573 3362 latinitate
593 3297 817 3381 philosophica
835 3297 992 3363 fortitudo
1014 3295 1138 3359 dicitur.

119 3381 168 3446 illi
198 3404 274 3447 uero
306 3384 539 3466 protentorinm
572 3383 731 3446 uocabant
762 3383 802 3447 ab
836 3404 873 3446 eo
901 3381 986 3466 quod
1011 3382 1139 3463 proten-

121 3465 216 3531 ditur.
262 3489 320 3531 nos
353 3468 487 3532 dicimus
521 3467 633 3532 dentes
661 3467 746 3551 quod
775 3466 881 3532 edent.
924 3471 966 3528 ut
989 3465 1077 3525 dese
1093 3465 1150 3520 Rs-
