2436 3840
81 162 107 215 X
475 160 692 216 PRAEFATIO.

81 346 202 424 Virgilii
230 347 369 423 epitomis
392 349 490 406 exstat
514 342 565 428 (of.
590 347 792 423 Montfeueon,
815 345 1000 405 bibliotheca
1023 346 1095 405 bibl.

80 458 109 514 p.
134 436 198 496 524
222 438 252 495 et
271 434 450 507 Bethmenn,
469 435 582 496 Archiv
599 435 659 494 XII
677 455 705 511 p.
727 426 806 516 611)
826 433 1020 509 inscriptione
1039 435 1096 494 hec

81 528 232 585 ornatum:
256 522 326 583 HIC
350 522 565 583 SECVNTVR
587 521 868 584 ETHIMOLOGIE
886 521 1095 583 VIRGILIVS

80 613 304 673 PRESBITER
326 611 538 673 HISPANVS.
585 611 705 672 Ooehuu
728 613 834 672 dieitur
856 614 927 686 quia
946 642 986 652 -
1002 613 1096 686 piscis

79 706 141 763 siue
167 707 272 762 uetutu
296 694 340 782 (p.
364 693 446 783 52⁷).
501 701 642 780 Sequitur
664 703 776 762 Isidori
798 719 832 761 eu
854 703 928 760 libro
951 701 1095 760 ethimolo-

77 795 204 866 giarum.
250 792 296 850 Ex
318 791 490 867 apographo
513 791 570 850 Ad.
595 789 734 867 Oinquini
755 789 986 849 Mediolanensis
1014 790 1095 866 frag-

80 883 216 939 mentum
237 880 353 956 primus
376 880 408 937 in
430 880 592 955 appendice
615 880 703 940 edidi.

169 967 293 1027 Praeter
320 968 393 1027 haec
420 968 494 1027 mihi
527 969 571 1027 uti
600 968 686 1027 licuit
714 968 908 1042 Excerptis
939 966 1094 1026 Nanoei-

82 1056 245 1132 ensibus,
278 1075 354 1132 quae
382 1057 419 1116 A.
448 1055 609 1132 collignon
634 1075 671 1116 ex
696 1056 775 1115 libro
802 1051 984 1115 Nanceiensi
1007 1048 1092 1132 (olim

80 1137 279 1217 Bobeniensi)
312 1164 343 1204 n
372 1147 434 1205 356
466 1164 488 1205 s.
517 1142 689 1204 VHI-IX
716 1163 812 1221 nuper
842 1144 1022 1221 publicavit,
1057 1144 1094 1204 of.

80 1233 155 1293 Note
177 1252 230 1294 sur
252 1250 310 1294 uue
329 1237 509 1309 prummaire
532 1236 622 1294 lutire
643 1236 821 1294 meuuscrite
838 1235 879 1292 du
898 1233 995 1292 VIII‘
1012 1234 1096 1292 siecle
1124 1256 1128 1262 ·

82 1327 277 1396 epperteuout
299 1325 319 1384 el
341 1324 372 1382 lu
395 1318 581 1397 bibliotheque
599 1325 634 1383 cle
651 1323 757 1397 Naucy
776 1326 928 1382 cuuuau
945 1323 995 1381 cles
1012 1323 1094 1396 frap-

81 1416 173 1471 rueuts
196 1411 301 1471 inediis
323 1412 358 1470 cle
377 1410 519 1485 Virpilius
536 1411 627 1471 Mero
652 1402 757 1492 (revue
780 1412 818 1470 de
840 1410 1003 1486 philologio
1022 1414 1094 1470 tom.

81 1498 140 1557 VII
158 1519 186 1574 p.
209 1490 364 1580 13—22).
408 1500 511 1575 Atque
533 1500 583 1559 hic
605 1499 682 1558 liber
704 1499 849 1559 nonnulle
868 1499 979 1575 scripta
996 1518 1096 1575 grem-

80 1588 191 1646 matioe
218 1588 351 1648 eontinet
378 1607 507 1663 quorum
533 1590 581 1648 est
607 1589 746 1664 princeps
776 1587 867 1648 elusa
897 1590 932 1647 de
955 1590 1096 1662 pertibus

81 1679 229 1736 motionis.
267 1675 344 1737 Oetle
359 1679 547 1751 prumuuire,
566 1676 665 1754 inquit
684 1677 789 1753 editor,
808 1694 846 1736 ou
865 1675 956 1736 (llere
974 1678 1009 1735 de
1021 1695 1096 1751 per-

81 1767 156 1825 tibus
178 1767 320 1826 orationis
341 1783 372 1825 se
394 1783 523 1840 eourpose
545 1767 631 1826 d'uue
649 1765 724 1826 serie
741 1767 890 1826 d’eetruits
908 1767 958 1825 dee
976 1768 1095 1826 occicus

78 1858 305 1929 prammairieuo
326 1857 383 1915 ruis
405 1858 472 1915 bout
493 1858 513 1916 cl
536 1857 602 1915 boul
621 1859 647 1914 et
663 1859 782 1915 souceut
799 1871 868 1914 aree
879 1872 941 1928 peu
959 1855 994 1914 de
1011 1857 1094 1914 suite.

82 1943 264 2018 Qiulquefoie
290 1946 414 2003 l’euteur
436 1945 553 2018 ludique
575 1945 606 2003 lc
628 1960 737 2015 source¹
751 1945 789 2002 orl
810 1944 833 2002 il
856 1961 876 2002 e
892 1941 996 2016 prule&
1018 1945 1096 2002 uiuis

81 2033 226 2105 beaucoup
250 2033 285 2092 de
301 2049 445 2106 passages
466 2037 531 2092 sorel
553 2048 709 2105 uucnpmes
731 2035 758 2090 et
777 2047 852 2091 uous
874 2048 965 2091 acoris
993 2032 1033 2090 del
1061 2049 1096 2090 eu

79 2121 244 2180 rechercher
261 2121 292 2178 la
303 2137 488 2193 proeeuuuee
506 2137 541 2179 eu
562 2137 637 2180 ocus
659 2121 763 2180 eidem
784 2124 897 2179 uutoul
918 2121 968 2180 cles
988 2118 1094 2179 Graue

79 2211 180 2268 malici
206 2209 241 2268 de
267 2208 335 2267 Keil
365 2212 391 2266 et
416 2209 466 2269 des
492 2205 643 2269 Auecdoto
669 2209 818 2268 Heluetico
848 2209 882 2268 ele
908 2210 953 2270 M.
976 2205 1093 2282 Hepeu.

81 2295 158 2356 Oette
180 2297 314 2356 collctiou
335 2314 410 2356 ocus
432 2315 452 2356 u
468 2299 581 2370 permis
602 2299 637 2357 cle
659 2299 769 2357 douuer
791 2314 860 2357 ecee
885 2298 916 2357 le
942 2299 1018 2359 table
1045 2300 1095 2358 des

79 2386 213 2445 mutieres
235 2386 536 2465 corcyraeorum,
563 2387 604 2446 lec
629 2403 712 2446 horus
741 2387 791 2446 des
813 2391 932 2446 auteurs
955 2388 1095 2460 uucquels

80 2475 130 2534 des
148 2478 298 2548 eomruutc
311 2479 361 2533 eui
374 2473 417 2534 ele
427 2475 505 2548 faits.
537 2474 570 2534 Il
586 2479 659 2535 reste
672 2476 829 2549 cepeudeut
841 2493 884 2535 uu
891 2477 965 2550 petit
976 2477 1096 2534 nombre

80 2562 115 2624 ele
118 2578 261 2639 passages
269 2564 419 2624 helucus
427 2565 549 2624 u'eeous
551 2581 719 2638 puseueore
723 2581 769 2638 pu
777 2563 1094 2637 determiuerl'oripiue.

168 2651 282 2714 Eodem
303 2654 392 2712 modo
420 2652 601 2728 compositus
630 2656 677 2712 est
698 2655 849 2712 tractatus
874 2651 911 2712 de
939 2650 1093 2729 adverbio,

81 2742 185 2817 quiin
208 2742 307 2801 codiee
330 2741 502 2801 Leidensi
526 2732 641 2821 (Voss.)
658 2759 687 2799 n.
712 2743 753 2800 33
774 2741 838 2801 s.X
862 2740 883 2801 f.
904 2741 1094 2801 76¹⁵-83l

1 2865 2 2869 =
80 2832 189 2888 exstet.
225 2829 300 2888 Cum
318 2830 541 2889 Lindemannus
565 2822 766 2906 (Ineditorum
788 2830 952 2890 latinorum
977 2832 1056 2904 pert.
1071 2829 1093 2888 Ι.

80 2911 334 2996 Zittuvee1832)
353 2918 527 2978 testimonis
545 2936 581 2976 en
594 2917 724 2995 Virgilio
743 2919 852 2978 hausto
870 2936 966 2994 neque
985 2936 1094 2992 cogno-

80 3005 175 3066 visset
192 3024 289 3082 neque
313 3006 456 3067 edidisset
474 3007 587 3080 omnia,
606 3007 718 3067 librum
735 3006 945 3067 Vindobonum
967 3006 1095 3065 missum

80 3093 177 3153 denuo
205 3094 372 3156 examinavi
398 3098 556 3172 totumque
583 3099 748 3156 tractatum
775 3095 933 3173 descripsi,
961 3097 996 3153 ut
1023 3094 1096 3153 datu

80 3184 234 3244 occasione
258 3202 327 3242 eum
348 3183 543 3259 publicarem.
590 3183 673 3254 Quae
696 3184 735 3244 sd
754 3184 918 3261 Virgilium
940 3183 1096 3259 pertinent

80 3272 160 3332 inter
182 3272 354 3332 testimonia
376 3275 497 3348 recepte
520 3273 581 3332 iam
603 3273 743 3349 reperies.

169 3360 291 3438 Virgilii
313 3361 485 3422 testimonia
512 3379 548 3420 ex
570 3364 636 3421 arte
665 3361 774 3422 codicis
802 3360 1004 3422 Beruensis
1031 3362 1094 3421 123

78 3467 102 3506 s.
121 3449 150 3506 X
170 3469 205 3510 ex
228 3450 331 3510 multis
349 3450 523 3511 auctoribus
542 3451 668 3510 collecte
690 3451 719 3509 in
739 3469 832 3510 unum
852 3450 1002 3528 congessit
1019 3449 1097 3510 Her-
