2436 3840
511 173 726 230 PRAEFATIO.
1071 176 1130 240 107

111 331 229 394 stiones
252 328 355 392 diuiso
371 350 390 392 a
405 328 565 426 plerisque
587 328 682 392 modo
706 330 738 390 et
761 328 998 392 sentiuntur
965 331 998 392 e
1019 329 1132 413 legun·

109 420 170 494 tur,
188 435 260 478 mea
274 415 446 512 praecipua
461 414 495 477 in
511 412 714 512 explanando
729 412 820 476 fieret
805 411 1012 496 tdiligentia
1047 412 1131 477 unde

110 504 143 563 et
171 521 247 584 ego,
278 499 352 582 quia
381 498 537 563 orationis
559 500 765 582 parteso
691 500 765 563 octo
788 500 877 578 sunt,
907 499 980 561 octo
1004 517 1131 581 quoque

110 585 145 648 in
166 605 232 648 uno
254 583 331 647 licet
317 583 505 666 tepistolas
527 583 690 648 uolumine
706 583 849 680 digerere
869 544 1025 665 dispono:
1048 581 1132 664 quod

110 669 239 733 etiam
230 690 264 732 ιιι
286 667 347 733 XV
370 669 453 751 epist
439 669 578 733 tolarum
600 667 754 731 Affricam
776 668 945 731 missarum
966 665 1130 732 uolumine
1157 687 1169 726 ι

110 753 151 818 ad
164 752 342 818 Fabianum
357 773 491 836 puerum
507 774 613 816 meum
627 752 857 836 peritissimum
873 773 909 816 ac
925 751 1131 835 docillimum,

108 842 186 902 tunc
214 838 385 922 gentilem,
415 859 502 902 nunc
528 841 635 901 autern
657 837 784 901 fidelem
807 837 1000 920 baptismate
1021 837 1131 921 purifi-

111 925 162 987 cat
163 944 232 1006 um,
256 922 367 987 eodem
389 922 550 987 scribendi
573 943 660 987 more
682 922 797 988 fecisse
819 922 962 986 memini.

196 972 286 1083 Quod
309 1007 405 1072 forsit
390 1011 447 1072 tan
469 1007 611 1105 aliquis
606 1007 755 1086 miretur,
784 1006 869 1090 quod
891 1006 1020 1071 insolito
1041 1027 1130 1071 more

109 1092 316 1174 epistolarum
343 1114 523 1158 sermonem
556 1092 651 1156 unius
679 1057 835 1175 epistolae
868 1091 964 1156 modo
997 1091 1129 1156 insimul
1144 1111 1168 1149 10

109 1176 276 1241 dumtaxat
301 1178 417 1242 missae
445 1176 504 1240 sub
532 1177 678 1240 uniustr
652 1176 748 1240 titulo
772 1176 873 1240 libelli
895 1177 1129 1275 composuerim.

107 1262 251 1345 quisquis
266 1262 329 1326 hoc
343 1262 431 1326 facto
448 1262 606 1342 mouetur,
622 1261 805 1326 meminerit
819 1260 950 1325 Lassii
965 1261 1129 1344 purissimi

108 1349 180 1410 orat
181 1347 260 1424 oris,
303 1346 445 1411 XVII
435 1368 471 1410 rn
471 1345 738 1430 terpretationum
774 1347 858 1428 epist
843 1345 928 1410 tolas
969 1345 1029 1410 sub
1063 1366 1129 1410 uno

107 1435 249 1514 tempore
275 1452 402 1515 unoque
430 1432 504 1496 stilo
533 1431 572 1495 ad
601 1452 702 1495 unum
730 1431 929 1515 eundemque
957 1431 1129 1528 petitorem

106 1515 331 1598 destinauerIt,
365 1537 432 1581 non
465 1537 528 1600 quo
562 1515 617 1579 ille
649 1515 770 1602 petitor
802 1515 891 1580 illam
919 1517 1003 1599 epist
989 1515 1127 1580 tolarum
1143 1533 1167 1572 15

106 1603 369 1666 numerositatem
399 1601 627 1684 postulauerit,
662 1601 718 1664 sed
746 1621 859 1684 quoe
842 1603 874 1665 et
901 1601 1050 1665 leuamen
1079 1603 1128 1666 sui

107 1686 212 1766 operis
243 1690 275 1748 et
261 1685 371 1750 ttlec
357 1691 503 1750 turorum
538 1685 797 1749 commoditatem
832 1685 965 1769 depulso
995 1689 1032 1749 ut
1059 1686 1129 1751 fieri

108 1768 234 1833 solet
225 1773 329 1833 rnmot
315 1769 424 1833 tabilis
456 1769 607 1834 lectionis
640 1769 772 1833 fastidio
800 1769 997 1852 adquisierit.
1047 1771 1130 1834 sicut

106 1874 246 1936 namque
268 1852 329 1937 bii,
352 1854 407 1937 qui
429 1853 574 1937 longa
543 1874 667 1918 uiarum
682 1854 788 1936 spatia
801 1874 943 1918 mensuri
935 1854 1020 1917 iter
1035 1875 1128 1918 suum

108 1938 299 2021 quibusdam
333 1938 537 2004 mansionum
570 1937 727 2002 limitibus
762 1958 799 2001 ac
831 1937 978 2002 terminis
1005 1938 1126 2023 leuant,
1142 1957 1167 1996 ιο

107 2022 329 2087 lassitudinem
351 2023 442 2109 longi
464 2022 699 2107 quodammodo
723 2023 848 2087 iterist
827 2025 1067 2121 temperandes,
1097 2027 1130 2088 et

106 2107 217 2173 urbem
240 2108 292 2173 uel
314 2109 436 2192 locum,
460 2130 524 2192 quo
547 2107 751 2172 eundumt
708 2110 766 2189 srt,
790 2108 915 2172 minore
930 2111 992 2172 ιιιι
952 2107 1128 2174 titadixe·

106 2193 166 2255 rim
188 2193 298 2259 labore
319 2157 551 2278 perperidiunt,
575 2194 654 2258 certi
676 2157 782 2292 quod
784 2214 849 2258 una
871 2193 1028 2257 dictanti
1051 2196 1128 2257 tem·

106 2277 226 2358 porisr
214 2279 278 2340 iter
299 2279 456 2342 conficere
471 2299 537 2342 non
551 2278 707 2343 ualebunt
693 2278 784 2342 tnisi
799 2300 857 2362 per
878 2277 1005 2343 callium
1026 2278 1128 2343 lineas

106 2360 314 2442 etquosdam
336 2362 574 2458 requietionum
595 2362 706 2426 modos
728 2361 881 2428 laboriosi
902 2363 1026 2429 itineris
1047 2384 1126 2429 onus
1140 2381 1165 2421 25

107 2442 327 2526 deposuerint:
350 2445 396 2508 ita
412 2447 508 2509 etiam
523 2445 569 2507 hii
577 2446 658 2529 ,qui
672 2447 854 2511 inmensum
870 2447 1030 2511 scribendi
1047 2469 1128 2531 opus

107 2527 297 2610 arripientes
320 2532 353 2593 et
375 2528 413 2593 de
435 2494 586 2612 pluribus
602 2528 697 2593 rebus
719 2550 757 2594 ac
778 2533 893 2628 quaest
876 2530 1019 2595 tionibus
1035 2554 1128 2596 suum

106 2613 304 2696 conposituri
345 2634 541 2697 sermonem,
584 2613 668 2697 quod
702 2635 832 2678 nonnrsr
871 2614 1026 2678 librorum
1064 2615 1128 2680 fre·

107 2698 276 2780 questibus
316 2699 448 2783 explicit
449 2663 541 2762 oruni
572 2697 691 2763 finibus
725 2698 990 2797 sequentiumque
1023 2699 1127 2763 initiis

106 2782 248 2847 laborem
270 2805 363 2848 suum
384 2784 652 2867 temperauerint,
674 2804 715 2848 ne
737 2783 892 2870 sibiipsis
907 2784 942 2847 in
957 2783 1126 2849 scribendo
1139 2800 1165 2842 ιο

105 2867 222 2932 etlect
224 2868 332 2932 oribus
355 2868 522 2935 fastidium
544 2869 641 2933 sint'
632 2891 667 2932 ιιι
682 2868 912 2952 perscrutando
926 2869 1124 2954 generaturi,

108 3041 310 3050 .-.-——-

174 3142 187 3190 1
207 3137 365 3192 sentiantur
381 3138 416 3192 N
425 3139 434 3206 ιι
447 3143 464 3192 4
481 3138 586 3207 degere
602 3138 637 3192 N
645 3152 719 3247 coqqi
727 3137 792 3192 Μαι
802 3138 814 3207 11
826 3145 842 3194 6
853 3139 883 3192 ιιι
895 3138 1020 3194 Africam
1032 3141 1097 3197 Mai
1110 3141 1122 3212 ΙΙ

106 3259 137 3307 13
161 3270 211 3308 ora
211 3256 291 3326 toris]
317 3257 366 3325 qui
391 3256 458 3311 add
481 3256 547 3311 Mai
563 3258 573 3326 l
588 3257 783 3340 septemdecim
805 3257 840 3311 N
854 3259 864 3327 Ιι
881 3258 911 3311 et
933 3273 989 3311 uno
1007 3259 1041 3313 N
1056 3274 1125 3315 corr.

106 3337 192 3415 Mqin
207 3345 237 3394 16
276 3341 439 3396 ostolaverit
456 3341 490 3396 N
499 3343 509 3410 ΙΙ
523 3347 555 3396 18
573 3331 733 3410 atq'uisierit
749 3341 783 3395 N
792 3343 802 3410 ιΙ
815 3343 888 3398 siout
900 3346 923 3412 (s
935 3344 1014 3419 corr)
1026 3343 1060 3397 N
1069 3344 1125 3412 1119

107 3405 239 3526 gallioni
227 3475 261 3528 N
270 3475 280 3544 ΙΙ
293 3409 507 3532 tiblllrbeourlbiilm
484 3411 518 3531 bi
527 3409 1077 3548 allodisaNllllitlinilresrlllnqdlltmrielvei
1090 3417 1138 3528 2N4
