2436 3840
454 192 502 247 III.
529 191 578 246 DE
597 191 728 250 UERBO.
1037 193 1097 258 133

80 345 159 411 haec
182 346 220 409 de
243 367 307 429 qua
328 347 502 409 tractamus
526 345 686 427 latinitas,
710 365 775 409 una
793 344 922 428 quidem
937 345 1049 429 lingua
1063 346 1097 409 in

80 431 280 514 proprietate
303 451 360 494 sua
376 429 541 511 consistit,
564 429 681 494 multas
697 432 807 493 tamen
821 431 917 492 immo
932 451 1014 512 pene
1030 432 1098 494 tam

81 514 331 583 innumerabiles
354 514 528 578 sententias
552 517 584 577 ct
607 514 768 578 orationes
783 513 894 596 habet,
918 513 1032 597 quibus
1054 514 1098 578 di-

80 621 174 664 uerso
204 598 335 683 quidem
363 599 519 662 sermonis
542 598 686 681 tramite,
718 598 813 662 unius
835 602 943 662 tamen
966 598 1097 682 linguae

79 686 199 748 ueritas
222 683 425 766 adprobatur.
1125 701 1137 743 5

166 767 255 831 Haec
282 771 389 831 autem
417 766 489 830 ideo
516 766 667 850 diximus,
697 767 772 850 quia
800 788 873 831 cum
895 789 1006 831 omnes
1029 789 1099 831 ora·

79 852 178 916 tionis
211 854 320 935 partas
356 851 529 916 nonnullas
562 853 647 934 apud
681 851 851 934 plerosque
885 852 1099 917 dissonantias

80 936 240 1021 habeant,
262 935 361 1000 multo
377 939 487 1000 tamen
502 937 656 1000 maiorem
672 938 707 999 in
722 936 820 999 uerbo
836 935 1098 1001 difficillimarum

81 1023 304 1105 quaestionum
334 1021 449 1085 siluam
479 1041 516 1085 ao
545 1020 815 1085 dissonantiarum
850 1022 942 1085 deuia
974 1021 1098 1086 inueni-

80 1109 188 1170 untur.
222 1106 306 1170 unde
330 1109 362 1169 et
384 1105 484 1169 multa
507 1126 602 1188 super
616 1105 706 1169 uerbi
721 1104 945 1188 explanatione
961 1107 1098 1170 concilia
1113 1127 1137 1167 rc

80 1190 165 1274 apud
187 1189 349 1254 Romanos
378 1189 490 1253 habita
519 1210 587 1253 esse
614 1191 831 1272 conperimus,
863 1190 976 1272 quibus
1005 1190 1096 1254 mult'

81 1279 113 1338 at
134 1274 341 1338 famosissimi
362 1273 529 1356 praefuere
552 1273 628 1355 uiri,
651 1273 852 1337 lulianum
874 1273 944 1338 dico
961 1277 993 1337 at
1008 1274 1099 1338 Ter·

79 1359 270 1438 rentium,
304 1357 558 1442 Galbungum
593 1378 719 1441 quoquc
753 1362 786 1422 ct
820 1357 1100 1443 Glengum„ct

80 1443 159 1507 duos
171 1442 404 1527 Gregorios,
420 1441 630 1526 Regulum,
643 1441 847 1526 etReginum
862 1441 1097 1526 Cornilium,

82 1529 187 1591 uirum
209 1531 286 1591 satis
308 1529 528 1611 eloquentem,
551 1546 684 1611 graecae
713 1531 745 1590 et
775 1526 941 1591 hebreicae
968 1527 1097 1614 linguae
1114 1550 1136 1592 ιε

82 1612 354 1695 promptissimum
387 1613 610 1695 interpretem,
644 1612 732 1676 cuius
761 1611 795 1675 in
823 1610 924 1676 latino
952 1634 1099 1677 sermone

81 1696 190 1780 fulgor
218 1696 342 1779 ingenii
370 1699 480 1760 tantus
508 1700 588 1773 erat,
620 1699 657 1759 ut
692 1696 774 1759 nihil
804 1697 975 1761 obscurum
1003 1696 1097 1760 relin-

80 1800 177 1926 ppere
205 1779 360 1843 uideatur.
399 1781 454 1862 qui
481 1801 532 1843 mc
555 1800 680 1863 quoquc
708 1783 741 1843 ct
763 1779 842 1843 duos
864 1778 948 1843 filios
970 1779 1098 1862 Iuliani,

117 1867 278 1927 onatum
312 1863 558 1947 grammaticum
588 1868 620 1927 et
646 1862 793 1928 Donem
821 1864 910 1946 prius
937 1864 1099 1929 rethorem

80 1947 174 2013 simul
203 1952 235 2012 ct
256 1947 517 2032 grammaticum,
545 1951 658 2045 postea
679 1947 805 2012 fidelem
827 1947 922 2012 modo
944 1949 1097 2031 presbite·
1111 1975 1136 2014 so

79 2055 168 2112 rum,
192 2033 232 2097 ad
254 2055 287 2098 se
303 2032 470 2097 uenientes
488 2035 626 2117 bemgne
642 2054 678 2097 ac
695 2032 906 2097 libentissime
922 2034 1099 2117 suscipiens

82 2117 191 2182 docuit
211 2118 308 2201 pleno
332 2117 525 2182 rethoricam
547 2138 657 2182 mense
680 2120 781 2182 artem
804 2122 836 2182 ct
857 2118 919 2181 alio
940 2120 1099 2201 poeticam

83 2206 115 2266 et
143 2204 181 2266 de
209 2202 340 2287 reliquis
368 2203 625 2286 grammaticam,
654 2206 686 2267 et
713 2202 760 2267 ita
784 2224 869 2268 anno
891 2204 926 2267 in
949 2204 1099 2268 conuicto

81 2287 181 2368 ipsius
210 2287 326 2350 scolari
355 2286 417 2350 dici
440 2288 606 2371 noctisque
635 2309 694 2352 usu
722 2290 885 2352 transacto
916 2289 1008 2371 quasi
1036 2288 1098 2354 cul·

81 2390 156 2433 men
182 2369 357 2452 quoddam,
386 2372 473 2434 omni
501 2370 706 2453 discipulatui
733 2376 844 2437 nostro
873 2393 935 2454 quo
964 2374 1005 2437 ad
1033 2396 1097 2437 ma·
1112 2398 1137 2440 aa

81 2453 248 2538 gisterium
271 2474 429 2517 summum
452 2455 707 2536 perueniremus,
731 2457 879 2539 exiguam
897 2457 973 2520 licet
988 2462 1099 2522 nostra

80 2559 140 2621 pro
168 2537 389 2602 mediocritate
418 2537 583 2622 attigimus
609 2539 743 2620 partem.
780 2560 875 2622 quem
904 2560 976 2603 oum
1003 2563 1098 2623 super

80 2621 171 2686 uerbi
193 2625 276 2686 statu
299 2621 586 2706 interrogaremus,
608 2624 717 2685 utrum
732 2644 797 2687 uno
813 2622 988 2706 eodemque
1004 2625 1097 2688 modo

79 2706 163 2771 idem
179 2711 281 2771 status
297 2707 420 2771 seruari
435 2707 554 2790 possit,
578 2706 641 2770 hoc
659 2707 754 2770 nobis
769 2727 959 2789 responsum
974 2729 1097 2772 summa

80 2813 153 2856 cum
180 2791 377 2856 exultatione
401 2792 501 2873 dedit,
530 2792 607 2875 quia
628 2791 764 2855 uerbum
786 2791 890 2856 simile
913 2813 980 2856 esse
1004 2792 1097 2858 debet
1110 2817 1135 2859 ao

79 2877 164 2961 regi,
181 2877 270 2941 cuius
286 2876 385 2939 animi
401 2881 504 2941 status
520 2875 613 2939 multi
629 2880 662 2940 et
680 2875 798 2941 diuersi
814 2879 904 2940 sunt:
927 2898 994 2942 non
1011 2879 1096 2942 enim

79 2961 113 3025 in
140 2961 253 3024 sedatu
281 2963 314 3023 et
341 2960 425 3024 bello
454 2982 517 3024 uno
544 2960 639 3025 modo
661 2964 776 3044 regnat
797 2981 900 3043 neque
922 2963 958 3026 in
979 2962 1096 3048 gaudio

80 3048 112 3110 et
138 3045 288 3126 tristitia,
323 3045 493 3128 aliquoties
524 3045 610 3110 enim
638 3045 778 3130 rigidum
810 3066 893 3126 esse,
927 3046 1095 3130 aliquoties

146 3321 269 3383 rpcnae
288 3313 322 3367 N
335 3314 344 3382 ΙΙ
362 3319 378 3366 4
401 3314 523 3368 sermoni
539 3314 573 3368 N
586 3315 596 3382 ΙΙ
614 3320 629 3368 7
647 3314 831 3368 dissonantias
853 3315 887 3367 N
902 3315 912 3381 l
931 3320 962 3368 13
986 3314 1096 3382 galbul-

80 3430 191 3482 queque
208 3414 242 3468 N
284 3421 314 3468 14
337 3414 488 3494 Gregorius
505 3415 539 3468 N
552 3416 562 3484 ΙΙ
583 3419 613 3470 19
632 3385 663 3496 rie
683 3415 785 3494 donem
799 3416 833 3469 N
842 3416 852 3483 ΙΙ
865 3419 897 3492 at}
916 3415 1017 3484 exigua
1030 3414 1068 3476 ¹N
1077 3415 1091 3486 Η

78 3485 111 3535 28
128 3498 215 3535 unum
279 3484 338 3551 [131
358 3499 424 3537 aum
441 3483 474 3535 N
489 3497 558 3538 corr.
575 3482 639 3538 Mae
657 3485 712 3552 1133
730 3483 855 3551 rigidum
874 3484 959 3549 luca
977 3485 1008 3545 et
1027 3482 1068 3532 N.
