<?xml version="1.0" encoding="UTF-8"?>
<!DOCTYPE html PUBLIC "-//W3C//DTD XHTML 1.0 Transitional//EN"
    "http://www.w3.org/TR/xhtml1/DTD/xhtml1-transitional.dtd">
<html xmlns="http://www.w3.org/1999/xhtml" xml:lang="en" lang="en">
 <head>
  <title>
</title>
<meta http-equiv="Content-Type" content="text/html;charset=utf-8" />
  <meta name='ocr-system' content='tesseract 3.04.00' />
  <meta name='ocr-capabilities' content='ocr_page ocr_carea ocr_par ocr_line ocrx_word'/>
</head>
<body>
  <div class='ocr_page' id='page_1' title='image "./opera08virggoog_0173.png"; bbox 0 0 2436 3840; ppageno 0'>
   <div class='ocr_carea' id='block_1_1' title="bbox 142 129 931 196">
    <p class='ocr_par' dir='ltr' id='par_1_1' title="bbox 142 129 931 196">
     <span class='ocr_line' id='line_1_1' title="bbox 142 129 931 196; baseline 0.003 -12"><span class='ocrx_word' id='word_1_1' title='bbox 142 131 203 196; x_wconf 85' lang='lat'>154</span> <span class='ocrx_word' id='word_1_2' title='bbox 365 129 518 185; x_wconf 82' lang='lat' dir='ltr'><strong>VIRGILII</strong></span> <span class='ocrx_word' id='word_1_3' title='bbox 537 129 702 186; x_wconf 84' lang='lat' dir='ltr'><strong>MARONIS</strong></span> <span class='ocrx_word' id='word_1_4' title='bbox 720 129 931 187; x_wconf 81' lang='lat' dir='ltr'><strong>EPISTOLAE.</strong></span> 
     </span>
    </p>
   </div>
   <div class='ocr_carea' id='block_1_2' title="bbox 76 282 1170 2986">
    <p class='ocr_par' dir='ltr' id='par_1_2' title="bbox 76 282 1170 2986">
     <span class='ocr_line' id='line_1_2' title="bbox 140 282 1168 366; baseline 0.003 -19"><span class='ocrx_word' id='word_1_5' title='bbox 140 282 315 347; x_wconf 88' lang='lat' dir='ltr'>secundum</span> <span class='ocrx_word' id='word_1_6' title='bbox 335 282 414 346; x_wconf 90' lang='lat' dir='ltr'>illud</span> <span class='ocrx_word' id='word_1_7' title='bbox 430 284 589 348; x_wconf 81' lang='lat' dir='ltr'>Aeneae</span> <span class='ocrx_word' id='word_1_8' title='bbox 604 283 753 348; x_wconf 89' lang='lat' dir='ltr'>dicentis:</span> <span class='ocrx_word' id='word_1_9' title='bbox 777 303 862 366; x_wconf 72' lang='lat' dir='ltr'>reyes</span> <span class='ocrx_word' id='word_1_10' title='bbox 876 283 1040 348; x_wconf 79' lang='lat' dir='ltr'>Romanos</span> <span class='ocrx_word' id='word_1_11' title='bbox 1054 304 1168 365; x_wconf 78' lang='lat' dir='ltr'>aequa</span> 
     </span>
     <span class='ocr_line' id='line_1_3' title="bbox 140 366 1168 453; baseline 0 -21"><span class='ocrx_word' id='word_1_12' title='bbox 140 373 273 450; x_wconf 74' lang='lat' dir='ltr'>otnero</span> <span class='ocrx_word' id='word_1_13' title='bbox 306 368 459 433; x_wconf 56' lang='lat' dir='ltr'>sectatio</span> <span class='ocrx_word' id='word_1_14' title='bbox 491 369 645 433; x_wconf 75' lang='lat' dir='ltr'>eradicare</span> <span class='ocrx_word' id='word_1_15' title='bbox 672 373 701 434; x_wconf 85' lang='lat' dir='ltr'>et</span> <span class='ocrx_word' id='word_1_16' title='bbox 726 369 863 453; x_wconf 69' lang='lat' dir='ltr'>fidimus.</span> <span class='ocrx_word' id='word_1_17' title='bbox 906 366 1069 431; x_wconf 87' lang='lat' dir='ltr'>sufficeret</span> <span class='ocrx_word' id='word_1_18' title='bbox 1099 369 1168 432; x_wconf 91' lang='lat' dir='ltr'>dici</span> 
     </span>
     <span class='ocr_line' id='line_1_4' title="bbox 140 451 1168 535; baseline 0 -19"><span class='ocrx_word' id='word_1_19' title='bbox 140 453 309 534; x_wconf 79' lang='lat' dir='ltr'>credimus,</span> <span class='ocrx_word' id='word_1_20' title='bbox 338 453 403 516; x_wconf 90' lang='lat' dir='ltr'>nisi</span> <span class='ocrx_word' id='word_1_21' title='bbox 425 452 500 535; x_wconf 89' lang='lat' dir='ltr'>quia</span> <span class='ocrx_word' id='word_1_22' title='bbox 522 453 718 516; x_wconf 81' lang='lat' dir='ltr'><strong>sententiam</strong></span> <span class='ocrx_word' id='word_1_23' title='bbox 740 452 900 516; x_wconf 88' lang='lat' dir='ltr'>affirmare</span> <span class='ocrx_word' id='word_1_24' title='bbox 922 451 1035 520; x_wconf 85' lang='lat' dir='ltr'>uoluit.</span> <span class='ocrx_word' id='word_1_25' title='bbox 1074 452 1168 516; x_wconf 86' lang='lat' dir='ltr'>affir-</span> 
     </span>
     <span class='ocr_line' id='line_1_5' title="bbox 140 535 1168 616; baseline 0.002 -16"><span class='ocrx_word' id='word_1_26' title='bbox 140 539 248 600; x_wconf 91' lang='lat' dir='ltr'>matur</span> <span class='ocrx_word' id='word_1_27' title='bbox 270 537 367 600; x_wconf 89' lang='lat' dir='ltr'>etiam</span> <span class='ocrx_word' id='word_1_28' title='bbox 388 536 450 601; x_wconf 90' lang='lat' dir='ltr'>hoo</span> <span class='ocrx_word' id='word_1_29' title='bbox 466 536 591 601; x_wconf 91' lang='lat' dir='ltr'>dicendi</span> <span class='ocrx_word' id='word_1_30' title='bbox 605 540 691 601; x_wconf 86' lang='lat' dir='ltr'>statu</span> <span class='ocrx_word' id='word_1_31' title='bbox 706 536 812 616; x_wconf 88' lang='lat' dir='ltr'>uerbi,</span> <span class='ocrx_word' id='word_1_32' title='bbox 836 557 907 600; x_wconf 88' lang='lat' dir='ltr'>cum</span> <span class='ocrx_word' id='word_1_33' title='bbox 923 535 1058 600; x_wconf 81' lang='lat' dir='ltr'>dicimus</span> <span class='ocrx_word' id='word_1_34' title='bbox 1073 539 1168 602; x_wconf 77' lang='lat' dir='ltr'>uenit</span> 
     </span>
     <span class='ocr_line' id='line_1_6' title="bbox 114 619 1166 704; baseline 0.004 -22"><span class='ocrx_word' id='word_1_35' title='bbox 114 622 246 703; x_wconf 77' lang='lat' dir='ltr'>stupuit</span> <span class='ocrx_word' id='word_1_36' title='bbox 271 622 332 686; x_wconf 83' lang='lat' dir='ltr'>uir.</span> <span class='ocrx_word' id='word_1_37' title='bbox 371 623 434 685; x_wconf 94' lang='lat' dir='ltr'>hoc</span> <span class='ocrx_word' id='word_1_38' title='bbox 461 642 520 704; x_wconf 91' lang='lat' dir='ltr'>pro</span> <span class='ocrx_word' id='word_1_39' title='bbox 549 621 762 685; x_wconf 87' lang='lat' dir='ltr'>affirmatione</span> <span class='ocrx_word' id='word_1_40' title='bbox 790 624 933 703; x_wconf 85' lang='lat' dir='ltr'>tantum,</span> <span class='ocrx_word' id='word_1_41' title='bbox 964 619 1047 684; x_wconf 88' lang='lat' dir='ltr'>ratio</span> <span class='ocrx_word' id='word_1_42' title='bbox 1072 621 1166 686; x_wconf 91' lang='lat' dir='ltr'>enim</span> 
     </span>
     <span class='ocr_line' id='line_1_7' title="bbox 140 703 1164 788; baseline 0.002 -20"><span class='ocrx_word' id='word_1_43' title='bbox 140 706 186 769; x_wconf 88' lang='lat' dir='ltr'>sie</span> <span class='ocrx_word' id='word_1_44' title='bbox 207 705 340 769; x_wconf 85' lang='lat' dir='ltr'>haberet</span> <span class='ocrx_word' id='word_1_45' title='bbox 360 707 447 770; x_wconf 80' lang='lat' dir='ltr'>uenit</span> <span class='ocrx_word' id='word_1_46' title='bbox 467 707 614 787; x_wconf 73' lang='lat' dir='ltr'>inquiens</span> <span class='ocrx_word' id='word_1_47' title='bbox 636 708 698 772; x_wconf 80' lang='lat' dir='ltr'>uir.</span> <span class='ocrx_word' id='word_1_48' title='bbox 731 705 786 769; x_wconf 90' lang='lat' dir='ltr'>sed</span> <span class='ocrx_word' id='word_1_49' title='bbox 810 705 885 788; x_wconf 89' lang='lat' dir='ltr'>quia</span> <span class='ocrx_word' id='word_1_50' title='bbox 907 705 934 768; x_wconf 90' lang='lat' dir='ltr'>si</span> <span class='ocrx_word' id='word_1_51' title='bbox 956 703 1090 768; x_wconf 90' lang='lat' dir='ltr'>modum</span> <span class='ocrx_word' id='word_1_52' title='bbox 1113 706 1164 770; x_wconf 91' lang='lat' dir='ltr'>in-</span> 
     </span>
     <span class='ocr_line' id='line_1_8' title="bbox 139 788 1167 874; baseline 0.001 -22"><span class='ocrx_word' id='word_1_53' title='bbox 139 790 315 853; x_wconf 90' lang='lat' dir='ltr'>dicatiuum</span> <span class='ocrx_word' id='word_1_54' title='bbox 342 789 378 852; x_wconf 92' lang='lat' dir='ltr'>in</span> <span class='ocrx_word' id='word_1_55' title='bbox 406 811 472 853; x_wconf 93' lang='lat' dir='ltr'>una</span> <span class='ocrx_word' id='word_1_56' title='bbox 499 790 639 854; x_wconf 85' lang='lat' dir='ltr'>dictione</span> <span class='ocrx_word' id='word_1_57' title='bbox 668 790 865 874; x_wconf 74' lang='lat' dir='ltr'><strong>duplicatur,</strong></span> <span class='ocrx_word' id='word_1_58' title='bbox 894 790 1011 872; x_wconf 88' lang='lat' dir='ltr'>putant</span> <span class='ocrx_word' id='word_1_59' title='bbox 1039 809 1075 853; x_wconf 90' lang='lat' dir='ltr'>se</span> <span class='ocrx_word' id='word_1_60' title='bbox 1097 788 1167 853; x_wconf 88' lang='lat' dir='ltr'>for·</span> 
     </span>
     <span class='ocr_line' id='line_1_9' title="bbox 138 874 1165 957; baseline 0.001 -20"><span class='ocrx_word' id='word_1_61' title='bbox 138 875 254 937; x_wconf 91' lang='lat' dir='ltr'>tiorem</span> <span class='ocrx_word' id='word_1_62' title='bbox 278 874 382 938; x_wconf 85' lang='lat' dir='ltr'>facere</span> <span class='ocrx_word' id='word_1_63' title='bbox 405 875 614 957; x_wconf 85' lang='lat' dir='ltr'>sententiam,</span> <span class='ocrx_word' id='word_1_64' title='bbox 634 875 753 939; x_wconf 91' lang='lat' dir='ltr'>idcirco</span> <span class='ocrx_word' id='word_1_65' title='bbox 776 875 909 938; x_wconf 88' lang='lat' dir='ltr'>uerbum</span> <span class='ocrx_word' id='word_1_66' title='bbox 931 875 1037 955; x_wconf 78' lang='lat' dir='ltr'>iuquit</span> <span class='ocrx_word' id='word_1_67' title='bbox 1058 876 1165 957; x_wconf 83' lang='lat' dir='ltr'>parti-</span> 
     </span>
     <span class='ocr_line' id='line_1_10' title="bbox 140 957 1166 1042; baseline 0.001 -20"><span class='ocrx_word' id='word_1_68' title='bbox 140 958 236 1041; x_wconf 87' lang='lat' dir='ltr'>cipali</span> <span class='ocrx_word' id='word_1_69' title='bbox 257 957 353 1022; x_wconf 89' lang='lat' dir='ltr'>modo</span> <span class='ocrx_word' id='word_1_70' title='bbox 376 962 516 1042; x_wconf 88' lang='lat' dir='ltr'>ponunt,</span> <span class='ocrx_word' id='word_1_71' title='bbox 540 957 596 1022; x_wconf 91' lang='lat' dir='ltr'>sed</span> <span class='ocrx_word' id='word_1_72' title='bbox 617 962 727 1023; x_wconf 89' lang='lat' dir='ltr'>tamen</span> <span class='ocrx_word' id='word_1_73' title='bbox 749 980 822 1023; x_wconf 91' lang='lat' dir='ltr'>oum</span> <span class='ocrx_word' id='word_1_74' title='bbox 850 957 1049 1041; x_wconf 86' lang='lat' dir='ltr'>subponatur</span> <span class='ocrx_word' id='word_1_75' title='bbox 1071 959 1166 1042; x_wconf 90' lang='lat' dir='ltr'>prius</span> 
     </span>
     <span class='ocr_line' id='line_1_11' title="bbox 101 1042 1166 1127; baseline 0.005 -24"><span class='ocrx_word' id='word_1_76' title='bbox 101 1042 296 1123; x_wconf 80' lang='lat' dir='ltr'>reloquitur:</span> <span class='ocrx_word' id='word_1_77' title='bbox 323 1064 400 1107; x_wconf 90' lang='lat' dir='ltr'>nam</span> <span class='ocrx_word' id='word_1_78' title='bbox 425 1046 668 1127; x_wconf 89' lang='lat' dir='ltr'>praeposterato</span> <span class='ocrx_word' id='word_1_79' title='bbox 695 1043 806 1107; x_wconf 86' lang='lat' dir='ltr'>ordine</span> <span class='ocrx_word' id='word_1_80' title='bbox 828 1042 988 1106; x_wconf 90' lang='lat' dir='ltr'>scribendi</span> <span class='ocrx_word' id='word_1_81' title='bbox 1011 1042 1058 1106; x_wconf 88' lang='lat' dir='ltr'>sic</span> <span class='ocrx_word' id='word_1_82' title='bbox 1081 1042 1166 1108; x_wconf 88' lang='lat' dir='ltr'>diois</span> 
     </span>
     <span class='ocr_line' id='line_1_12' title="bbox 138 1128 359 1209; baseline 0 -17"><span class='ocrx_word' id='word_1_83' title='bbox 138 1128 243 1209; x_wconf 72' lang='lat' dir='ltr'>inquit</span> <span class='ocrx_word' id='word_1_84' title='bbox 263 1129 359 1192; x_wconf 78' lang='lat' dir='ltr'>acuit.</span> 
     </span>
     <span class='ocr_line' id='line_1_13' title="bbox 223 1208 1162 1296; baseline 0 -22"><span class='ocrx_word' id='word_1_85' title='bbox 223 1211 414 1296; x_wconf 87' lang='lat' dir='ltr'>lnohogatio</span> <span class='ocrx_word' id='word_1_86' title='bbox 443 1213 479 1275; x_wconf 93' lang='lat' dir='ltr'>in</span> <span class='ocrx_word' id='word_1_87' title='bbox 507 1234 573 1276; x_wconf 91' lang='lat' dir='ltr'>una</span> <span class='ocrx_word' id='word_1_88' title='bbox 601 1215 728 1276; x_wconf 91' lang='lat' dir='ltr'>tantum</span> <span class='ocrx_word' id='word_1_89' title='bbox 756 1210 846 1275; x_wconf 91' lang='lat' dir='ltr'>uerbi</span> <span class='ocrx_word' id='word_1_90' title='bbox 874 1210 980 1274; x_wconf 85' lang='lat' dir='ltr'>forma</span> <span class='ocrx_word' id='word_1_91' title='bbox 1005 1208 1162 1288; x_wconf 79' lang='lat' dir='ltr'>habetur,</span> 
     </span>
     <span class='ocr_line' id='line_1_14' title="bbox 139 1295 1162 1381; baseline 0.002 -22"><span class='ocrx_word' id='word_1_92' title='bbox 139 1317 220 1380; x_wconf 88' lang='lat' dir='ltr'>quae</span> <span class='ocrx_word' id='word_1_93' title='bbox 236 1296 341 1360; x_wconf 90' lang='lat' dir='ltr'>forma</span> <span class='ocrx_word' id='word_1_94' title='bbox 355 1296 395 1360; x_wconf 96' lang='lat' dir='ltr'>ob</span> <span class='ocrx_word' id='word_1_95' title='bbox 410 1296 472 1360; x_wconf 92' lang='lat' dir='ltr'>hoc</span> <span class='ocrx_word' id='word_1_96' title='bbox 486 1297 694 1381; x_wconf 87' lang='lat' dir='ltr'>inchogatiua</span> <span class='ocrx_word' id='word_1_97' title='bbox 709 1296 838 1373; x_wconf 91' lang='lat' dir='ltr'>dicitur,</span> <span class='ocrx_word' id='word_1_98' title='bbox 855 1295 931 1378; x_wconf 93' lang='lat' dir='ltr'>quia</span> <span class='ocrx_word' id='word_1_99' title='bbox 945 1296 1162 1378; x_wconf 84' lang='lat' dir='ltr'>praeteritum</span> 
     </span>
     <span class='ocr_line' id='line_1_15' title="bbox 138 1378 1163 1464; baseline 0.001 -20"><span class='ocrx_word' id='word_1_100' title='bbox 138 1383 265 1464; x_wconf 87' lang='lat' dir='ltr'>tempus</span> <span class='ocrx_word' id='word_1_101' title='bbox 286 1401 353 1444; x_wconf 93' lang='lat' dir='ltr'>non</span> <span class='ocrx_word' id='word_1_102' title='bbox 374 1380 505 1462; x_wconf 86' lang='lat' dir='ltr'>habeat,</span> <span class='ocrx_word' id='word_1_103' title='bbox 529 1386 566 1446; x_wconf 91' lang='lat' dir='ltr'>ut</span> <span class='ocrx_word' id='word_1_104' title='bbox 587 1382 711 1448; x_wconf 78' lang='lat' dir='ltr'>calesco.</span> <span class='ocrx_word' id='word_1_105' title='bbox 745 1401 939 1464; x_wconf 89' lang='lat' dir='ltr'>quamquam</span> <span class='ocrx_word' id='word_1_106' title='bbox 960 1378 1056 1442; x_wconf 92' lang='lat' dir='ltr'>multi</span> <span class='ocrx_word' id='word_1_107' title='bbox 1071 1378 1163 1445; x_wconf 88' lang='lat' dir='ltr'>Lati-</span> 
     </span>
     <span class='ocr_line' id='line_1_16' title="bbox 101 1463 1164 1548; baseline 0.006 -24"><span class='ocrx_word' id='word_1_108' title='bbox 101 1485 253 1528; x_wconf 81' lang='lat' dir='ltr'>151101⁴um</span> <span class='ocrx_word' id='word_1_109' title='bbox 268 1463 405 1528; x_wconf 86' lang='lat' dir='ltr'>diffinite</span> <span class='ocrx_word' id='word_1_110' title='bbox 421 1464 584 1529; x_wconf 89' lang='lat' dir='ltr'>affirment</span> <span class='ocrx_word' id='word_1_111' title='bbox 597 1464 723 1529; x_wconf 90' lang='lat' dir='ltr'>nullum</span> <span class='ocrx_word' id='word_1_112' title='bbox 738 1463 829 1528; x_wconf 91' lang='lat' dir='ltr'>uerbi</span> <span class='ocrx_word' id='word_1_113' title='bbox 842 1463 913 1527; x_wconf 91' lang='lat' dir='ltr'>fieri</span> <span class='ocrx_word' id='word_1_114' title='bbox 929 1463 1055 1546; x_wconf 88' lang='lat' dir='ltr'>debere,</span> <span class='ocrx_word' id='word_1_115' title='bbox 1073 1465 1164 1548; x_wconf 90' lang='lat' dir='ltr'>quod</span> 
     </span>
     <span class='ocr_line' id='line_1_17' title="bbox 138 1547 1163 1645; baseline 0.002 -33"><span class='ocrx_word' id='word_1_116' title='bbox 138 1549 345 1632; x_wconf 89' lang='lat' dir='ltr'>praeteritum</span> <span class='ocrx_word' id='word_1_117' title='bbox 372 1552 499 1632; x_wconf 91' lang='lat' dir='ltr'>tempus</span> <span class='ocrx_word' id='word_1_118' title='bbox 528 1571 595 1613; x_wconf 93' lang='lat' dir='ltr'>non</span> <span class='ocrx_word' id='word_1_119' title='bbox 618 1548 743 1612; x_wconf 90' lang='lat' dir='ltr'>habeat.</span> <span class='ocrx_word' id='word_1_120' title='bbox 782 1547 897 1631; x_wconf 91' lang='lat' dir='ltr'>quibus</span> <span class='ocrx_word' id='word_1_121' title='bbox 918 1569 980 1612; x_wconf 88' lang='lat' dir='ltr'>nec</span> <span class='ocrx_word' id='word_1_122' title='bbox 1002 1568 1063 1645; x_wconf 79' lang='lat' dir='ltr'>ego</span> <span class='ocrx_word' id='word_1_123' title='bbox 1087 1569 1163 1614; x_wconf 86' lang='lat' dir='ltr'>ren·</span> 
     </span>
     <span class='ocr_line' id='line_1_18' title="bbox 138 1631 1164 1716; baseline 0.001 -19"><span class='ocrx_word' id='word_1_124' title='bbox 138 1654 284 1712; x_wconf 90' lang='lat' dir='ltr'>nuerem,</span> <span class='ocrx_word' id='word_1_125' title='bbox 319 1653 391 1696; x_wconf 90' lang='lat' dir='ltr'>cum</span> <span class='ocrx_word' id='word_1_126' title='bbox 423 1633 525 1697; x_wconf 88' lang='lat' dir='ltr'>multa</span> <span class='ocrx_word' id='word_1_127' title='bbox 558 1633 712 1697; x_wconf 86' lang='lat' dir='ltr'>eiusmodi</span> <span class='ocrx_word' id='word_1_128' title='bbox 744 1635 857 1711; x_wconf 87' lang='lat' dir='ltr'>uerba,</span> <span class='ocrx_word' id='word_1_129' title='bbox 892 1653 971 1716; x_wconf 90' lang='lat' dir='ltr'>quae</span> <span class='ocrx_word' id='word_1_130' title='bbox 1004 1631 1164 1698; x_wconf 87' lang='lat' dir='ltr'>urdentur</span> 
     </span>
     <span class='ocr_line' id='line_1_19' title="bbox 137 1717 1164 1802; baseline 0.002 -21"><span class='ocrx_word' id='word_1_131' title='bbox 137 1717 360 1800; x_wconf 88' lang='lat' dir='ltr'>inchogatiua‚</span> <span class='ocrx_word' id='word_1_132' title='bbox 382 1718 591 1801; x_wconf 88' lang='lat' dir='ltr'>praeteritum</span> <span class='ocrx_word' id='word_1_133' title='bbox 606 1720 732 1802; x_wconf 90' lang='lat' dir='ltr'>tempus</span> <span class='ocrx_word' id='word_1_134' title='bbox 749 1717 865 1782; x_wconf 89' lang='lat' dir='ltr'>habere</span> <span class='ocrx_word' id='word_1_135' title='bbox 881 1719 1073 1800; x_wconf 89' lang='lat' dir='ltr'>cernuntur,</span> <span class='ocrx_word' id='word_1_136' title='bbox 1098 1719 1164 1784; x_wconf 88' lang='lat' dir='ltr'>nisi</span> 
     </span>
     <span class='ocr_line' id='line_1_20' title="bbox 138 1801 1163 1887; baseline 0.002 -21"><span class='ocrx_word' id='word_1_137' title='bbox 138 1802 214 1887; x_wconf 90' lang='lat' dir='ltr'>quia</span> <span class='ocrx_word' id='word_1_138' title='bbox 241 1802 402 1885; x_wconf 77' lang='lat' dir='ltr'>perfectae</span> <span class='ocrx_word' id='word_1_139' title='bbox 429 1802 554 1868; x_wconf 82' lang='lat' dir='ltr'>formae</span> <span class='ocrx_word' id='word_1_140' title='bbox 576 1803 675 1867; x_wconf 91' lang='lat' dir='ltr'>uerba</span> <span class='ocrx_word' id='word_1_141' title='bbox 696 1801 870 1887; x_wconf 88' lang='lat' dir='ltr'>prohibent</span> <span class='ocrx_word' id='word_1_142' title='bbox 891 1801 926 1864; x_wconf 91' lang='lat' dir='ltr'>in</span> <span class='ocrx_word' id='word_1_143' title='bbox 948 1822 1060 1865; x_wconf 89' lang='lat' dir='ltr'>eorum</span> <span class='ocrx_word' id='word_1_144' title='bbox 1085 1824 1163 1868; x_wconf 88' lang='lat' dir='ltr'>con·</span> 
     </span>
     <span class='ocr_line' id='line_1_21' title="bbox 99 1885 1163 1972; baseline 0.004 -24"><span class='ocrx_word' id='word_1_145' title='bbox 99 1909 125 1948; x_wconf 78' lang='lat' dir='ltr'>so</span> <span class='ocrx_word' id='word_1_146' title='bbox 139 1887 249 1952; x_wconf 90' lang='lat' dir='ltr'>uenire</span> <span class='ocrx_word' id='word_1_147' title='bbox 265 1887 475 1970; x_wconf 84' lang='lat' dir='ltr'>sententiam,</span> <span class='ocrx_word' id='word_1_148' title='bbox 498 1909 579 1972; x_wconf 87' lang='lat' dir='ltr'>quse</span> <span class='ocrx_word' id='word_1_149' title='bbox 595 1887 802 1972; x_wconf 88' lang='lat' dir='ltr'>praeteritum</span> <span class='ocrx_word' id='word_1_150' title='bbox 818 1890 945 1968; x_wconf 91' lang='lat' dir='ltr'>tempus</span> <span class='ocrx_word' id='word_1_151' title='bbox 962 1885 1024 1949; x_wconf 88' lang='lat' dir='ltr'>sibi</span> <span class='ocrx_word' id='word_1_152' title='bbox 1038 1887 1163 1952; x_wconf 91' lang='lat' dir='ltr'>rectius</span> 
     </span>
     <span class='ocr_line' id='line_1_22' title="bbox 78 1969 1165 2054; baseline 0.001 -18"><span class='ocrx_word' id='word_1_153' title='bbox 78 1970 81 1976; x_wconf 76' lang='grc'><strong>’</strong></span> <span class='ocrx_word' id='word_1_154' title='bbox 138 1972 320 2036; x_wconf 87' lang='lat' dir='ltr'>uendicent.</span> <span class='ocrx_word' id='word_1_155' title='bbox 358 1972 413 2036; x_wconf 91' lang='lat' dir='ltr'>sed</span> <span class='ocrx_word' id='word_1_156' title='bbox 428 1993 500 2036; x_wconf 91' lang='lat' dir='ltr'>cum</span> <span class='ocrx_word' id='word_1_157' title='bbox 516 1973 578 2036; x_wconf 91' lang='lat' dir='ltr'>hoo</span> <span class='ocrx_word' id='word_1_158' title='bbox 592 1972 657 2036; x_wconf 89' lang='lat' dir='ltr'>illis</span> <span class='ocrx_word' id='word_1_159' title='bbox 673 1971 900 2054; x_wconf 89' lang='lat' dir='ltr'>obiecerimns‚</span> <span class='ocrx_word' id='word_1_160' title='bbox 923 1969 1165 2054; x_wconf 87' lang='lat' dir='ltr'>responderunt</span> 
     </span>
     <span class='ocr_line' id='line_1_23' title="bbox 137 2054 1165 2140; baseline 0.001 -20"><span class='ocrx_word' id='word_1_161' title='bbox 137 2058 348 2140; x_wconf 86' lang='lat' dir='ltr'>praeteritum</span> <span class='ocrx_word' id='word_1_162' title='bbox 375 2060 501 2140; x_wconf 88' lang='lat' dir='ltr'>tempus</span> <span class='ocrx_word' id='word_1_163' title='bbox 553 2057 676 2119; x_wconf 88' lang='lat' dir='ltr'>eminae</span> <span class='ocrx_word' id='word_1_164' title='bbox 705 2054 918 2119; x_wconf 82' lang='lat' dir='ltr'>ordinationis</span> <span class='ocrx_word' id='word_1_165' title='bbox 945 2055 1052 2119; x_wconf 93' lang='lat' dir='ltr'>uerbis</span> <span class='ocrx_word' id='word_1_166' title='bbox 1077 2077 1165 2121; x_wconf 89' lang='lat' dir='ltr'>eom·</span> 
     </span>
     <span class='ocr_line' id='line_1_24' title="bbox 137 2076 1164 2222; baseline 0.002 -17"><span class='ocrx_word' id='word_1_167' title='bbox 137 2162 234 2205; x_wconf 92' lang='lat' dir='ltr'>mune</span> <span class='ocrx_word' id='word_1_168' title='bbox 258 2161 326 2204; x_wconf 90' lang='lat' dir='ltr'>esse</span> <span class='ocrx_word' id='word_1_169' title='bbox 349 2141 450 2204; x_wconf 87' lang='lat' dir='ltr'>solere</span> <span class='ocrx_word' id='word_1_170' title='bbox 472 2143 509 2203; x_wconf 92' lang='lat' dir='ltr'>ut</span> <span class='ocrx_word' id='word_1_171' title='bbox 522 2076 616 2221; x_wconf 51' lang='lat' dir='ltr'>dureo</span> <span class='ocrx_word' id='word_1_172' title='bbox 630 2140 771 2221; x_wconf 80' lang='lat' dir='ltr'>floresco,</span> <span class='ocrx_word' id='word_1_173' title='bbox 795 2144 828 2203; x_wconf 89' lang='lat' dir='ltr'>et</span> <span class='ocrx_word' id='word_1_174' title='bbox 842 2139 970 2222; x_wconf 90' lang='lat' dir='ltr'>utrique</span> <span class='ocrx_word' id='word_1_175' title='bbox 986 2142 1164 2207; x_wconf 90' lang='lat' dir='ltr'>conuenire</span> 
     </span>
     <span class='ocr_line' id='line_1_25' title="bbox 137 2223 1166 2307; baseline 0.001 -18"><span class='ocrx_word' id='word_1_176' title='bbox 137 2226 242 2307; x_wconf 64' lang='lat' dir='ltr'>sturm.</span> <span class='ocrx_word' id='word_1_177' title='bbox 280 2223 334 2287; x_wconf 87' lang='lat' dir='ltr'>sed</span> <span class='ocrx_word' id='word_1_178' title='bbox 357 2223 418 2287; x_wconf 91' lang='lat' dir='ltr'>hoc</span> <span class='ocrx_word' id='word_1_179' title='bbox 439 2225 515 2306; x_wconf 93' lang='lat' dir='ltr'>quia</span> <span class='ocrx_word' id='word_1_180' title='bbox 529 2224 688 2288; x_wconf 87' lang='lat' dir='ltr'>scolarum</span> <span class='ocrx_word' id='word_1_181' title='bbox 704 2229 887 2288; x_wconf 87' lang='lat' dir='ltr'>nostrarum</span> <span class='ocrx_word' id='word_1_182' title='bbox 903 2227 1051 2288; x_wconf 79' lang='lat' dir='ltr'>auctores</span> <span class='ocrx_word' id='word_1_183' title='bbox 1068 2247 1166 2290; x_wconf 88' lang='lat' dir='ltr'>num·</span> 
     </span>
     <span class='ocr_line' id='line_1_26' title="bbox 101 2307 1167 2394; baseline 0.002 -22"><span class='ocrx_word' id='word_1_184' title='bbox 101 2326 126 2372; x_wconf 79' lang='lat'>25</span> <span class='ocrx_word' id='word_1_185' title='bbox 140 2330 235 2394; x_wconf 89' lang='lat' dir='ltr'>quam</span> <span class='ocrx_word' id='word_1_186' title='bbox 257 2307 292 2371; x_wconf 92' lang='lat' dir='ltr'>in</span> <span class='ocrx_word' id='word_1_187' title='bbox 315 2329 373 2371; x_wconf 93' lang='lat' dir='ltr'>usu</span> <span class='ocrx_word' id='word_1_188' title='bbox 394 2307 550 2391; x_wconf 87' lang='lat' dir='ltr'>habuere,</span> <span class='ocrx_word' id='word_1_189' title='bbox 578 2308 613 2371; x_wconf 92' lang='lat' dir='ltr'>in</span> <span class='ocrx_word' id='word_1_190' title='bbox 634 2308 784 2392; x_wconf 87' lang='lat' dir='ltr'>ambiguo</span> <span class='ocrx_word' id='word_1_191' title='bbox 807 2308 1026 2391; x_wconf 87' lang='lat' dir='ltr'>relinquentes</span> <span class='ocrx_word' id='word_1_192' title='bbox 1049 2309 1167 2374; x_wconf 91' lang='lat' dir='ltr'>docto·</span> 
     </span>
     <span class='ocr_line' id='line_1_27' title="bbox 139 2392 1166 2477; baseline 0.003 -21"><span class='ocrx_word' id='word_1_193' title='bbox 139 2415 212 2457; x_wconf 94' lang='lat' dir='ltr'>rum</span> <span class='ocrx_word' id='word_1_194' title='bbox 233 2394 418 2457; x_wconf 88' lang='lat' dir='ltr'>nostrorum</span> <span class='ocrx_word' id='word_1_195' title='bbox 441 2394 632 2457; x_wconf 87' lang='lat' dir='ltr'>sententiam</span> <span class='ocrx_word' id='word_1_196' title='bbox 654 2392 864 2477; x_wconf 60' lang='lat' dir='ltr'>proferemus</span> <span class='ocrx_word' id='word_1_197' title='bbox 890 2392 975 2476; x_wconf 89' lang='lat' dir='ltr'>quod</span> <span class='ocrx_word' id='word_1_198' title='bbox 996 2392 1100 2458; x_wconf 87' lang='lat' dir='ltr'>uerba</span> <span class='ocrx_word' id='word_1_199' title='bbox 1114 2396 1166 2459; x_wconf 92' lang='lat' dir='ltr'>in·</span> 
     </span>
     <span class='ocr_line' id='line_1_28' title="bbox 139 2476 1167 2563; baseline 0.003 -21"><span class='ocrx_word' id='word_1_200' title='bbox 139 2477 313 2563; x_wconf 84' lang='lat' dir='ltr'>chogatiua</span> <span class='ocrx_word' id='word_1_201' title='bbox 335 2479 509 2562; x_wconf 89' lang='lat' dir='ltr'>praeterito</span> <span class='ocrx_word' id='word_1_202' title='bbox 532 2499 655 2561; x_wconf 89' lang='lat' dir='ltr'>semper</span> <span class='ocrx_word' id='word_1_203' title='bbox 677 2480 808 2543; x_wconf 88' lang='lat' dir='ltr'>careant</span> <span class='ocrx_word' id='word_1_204' title='bbox 830 2477 969 2560; x_wconf 86' lang='lat' dir='ltr'>exceptis</span> <span class='ocrx_word' id='word_1_205' title='bbox 991 2476 1055 2540; x_wconf 87' lang='lat' dir='ltr'>hiis</span> <span class='ocrx_word' id='word_1_206' title='bbox 1079 2500 1167 2563; x_wconf 86' lang='lat' dir='ltr'>quae</span> 
     </span>
     <span class='ocr_line' id='line_1_29' title="bbox 139 2561 1169 2648; baseline 0.003 -21"><span class='ocrx_word' id='word_1_207' title='bbox 139 2563 354 2648; x_wconf 87' lang='lat' dir='ltr'>inohogatiuis</span> <span class='ocrx_word' id='word_1_208' title='bbox 370 2564 505 2646; x_wconf 83' lang='lat' dir='ltr'>similia,</span> <span class='ocrx_word' id='word_1_209' title='bbox 522 2563 598 2648; x_wconf 92' lang='lat' dir='ltr'>quia</span> <span class='ocrx_word' id='word_1_210' title='bbox 612 2563 710 2627; x_wconf 88' lang='lat' dir='ltr'>uerba</span> <span class='ocrx_word' id='word_1_211' title='bbox 730 2584 770 2626; x_wconf 86' lang='lat' dir='ltr'>ex</span> <span class='ocrx_word' id='word_1_212' title='bbox 784 2562 898 2646; x_wconf 90' lang='lat' dir='ltr'>quibus</span> <span class='ocrx_word' id='word_1_213' title='bbox 913 2562 1004 2624; x_wconf 88' lang='lat' dir='ltr'>nasci</span> <span class='ocrx_word' id='word_1_214' title='bbox 1020 2561 1169 2630; x_wconf 85' lang='lat' dir='ltr'>debeant</span> 
     </span>
     <span class='ocr_line' id='line_1_30' title="bbox 138 2645 1168 2732; baseline 0.002 -19"><span class='ocrx_word' id='word_1_215' title='bbox 138 2670 206 2713; x_wconf 90' lang='lat' dir='ltr'>non</span> <span class='ocrx_word' id='word_1_216' title='bbox 235 2649 448 2732; x_wconf 89' lang='lat' dir='ltr'>praetendunt</span> <span class='ocrx_word' id='word_1_217' title='bbox 476 2669 509 2712; x_wconf 89' lang='lat' dir='ltr'>se</span> <span class='ocrx_word' id='word_1_218' title='bbox 537 2647 671 2712; x_wconf 87' lang='lat' dir='ltr'>habere:</span> <span class='ocrx_word' id='word_1_219' title='bbox 699 2647 771 2711; x_wconf 91' lang='lat' dir='ltr'>ideo</span> <span class='ocrx_word' id='word_1_220' title='bbox 800 2645 1008 2730; x_wconf 88' lang='lat' dir='ltr'>praeteritum</span> <span class='ocrx_word' id='word_1_221' title='bbox 1030 2649 1168 2732; x_wconf 87' lang='lat' dir='ltr'>tempus</span> 
     </span>
     <span class='ocr_line' id='line_1_31' title="bbox 100 2732 1168 2816; baseline 0.007 -24"><span class='ocrx_word' id='word_1_222' title='bbox 100 2732 305 2797; x_wconf 74' lang='lat' dir='ltr'>rehabebunt</span> <span class='ocrx_word' id='word_1_223' title='bbox 326 2737 363 2797; x_wconf 90' lang='lat' dir='ltr'>ut</span> <span class='ocrx_word' id='word_1_224' title='bbox 383 2734 524 2816; x_wconf 72' lang='lat' dir='ltr'>coepisco</span> <span class='ocrx_word' id='word_1_225' title='bbox 546 2733 719 2815; x_wconf 76' lang='lat' dir='ltr'>coaptarat,</span> <span class='ocrx_word' id='word_1_226' title='bbox 748 2751 892 2814; x_wconf 71' lang='lat' dir='ltr'>coyaoseo</span> <span class='ocrx_word' id='word_1_227' title='bbox 915 2732 1064 2815; x_wconf 69' lang='lat' dir='ltr'>coquedi,</span> <span class='ocrx_word' id='word_1_228' title='bbox 1090 2755 1168 2800; x_wconf 80' lang='lat' dir='ltr'>crar-</span> 
     </span>
     <span class='ocr_line' id='line_1_32' title="bbox 140 2818 364 2883; baseline -0.009 0"><span class='ocrx_word' id='word_1_229' title='bbox 140 2819 223 2883; x_wconf 84' lang='lat' dir='ltr'>teseo</span> <span class='ocrx_word' id='word_1_230' title='bbox 245 2818 364 2882; x_wconf 66' lang='lat' dir='ltr'>cubui.</span> 
     </span>
     <span class='ocr_line' id='line_1_33' title="bbox 76 2900 1170 2986; baseline 0.005 -20"><span class='ocrx_word' id='word_1_231' title='bbox 76 2904 81 2913; x_wconf 88' lang='lat'>&#39;</span> <span class='ocrx_word' id='word_1_232' title='bbox 223 2900 318 2968; x_wconf 90' lang='lat' dir='ltr'>Nunc</span> <span class='ocrx_word' id='word_1_233' title='bbox 345 2903 501 2986; x_wconf 86' lang='lat' dir='ltr'>praelatio</span> <span class='ocrx_word' id='word_1_234' title='bbox 529 2923 587 2967; x_wconf 91' lang='lat' dir='ltr'>suo</span> <span class='ocrx_word' id='word_1_235' title='bbox 610 2901 720 2966; x_wconf 92' lang='lat' dir='ltr'>ordine</span> <span class='ocrx_word' id='word_1_236' title='bbox 742 2900 891 2986; x_wconf 88' lang='lat' dir='ltr'>ponenda</span> <span class='ocrx_word' id='word_1_237' title='bbox 913 2902 972 2964; x_wconf 89' lang='lat' dir='ltr'>est.</span> <span class='ocrx_word' id='word_1_238' title='bbox 1009 2901 1170 2984; x_wconf 87' lang='lat' dir='ltr'>quidest</span> 
     </span>
    </p>
   </div>
   <div class='ocr_carea' id='block_1_3' title="bbox 140 2984 1170 3135">
    <p class='ocr_par' dir='ltr' id='par_1_3' title="bbox 140 2984 1170 3135">
     <span class='ocr_line' id='line_1_34' title="bbox 140 2984 1170 3135; baseline 0.003 -83"><span class='ocrx_word' id='word_1_239' title='bbox 140 2989 247 3052; x_wconf 91' lang='lat' dir='ltr'>autem</span> <span class='ocrx_word' id='word_1_240' title='bbox 279 2988 449 3071; x_wconf 89' lang='lat' dir='ltr'>praelatio,</span> <span class='ocrx_word' id='word_1_241' title='bbox 487 2991 519 3052; x_wconf 93' lang='lat' dir='ltr'>et</span> <span class='ocrx_word' id='word_1_242' title='bbox 552 2987 712 3071; x_wconf 88' lang='lat' dir='ltr'>quomodo</span> <span class='ocrx_word' id='word_1_243' title='bbox 745 2987 815 3051; x_wconf 88' lang='lat' dir='ltr'>sino</span> <span class='ocrx_word' id='word_1_244' title='bbox 841 2984 1037 3135; x_wconf 87' lang='lat' dir='ltr'>postlatione</span> <span class='ocrx_word' id='word_1_245' title='bbox 1066 2987 1170 3055; x_wconf 86' lang='lat' dir='ltr'>intel·</span> 
     </span>
    </p>
   </div>
   <div class='ocr_carea' id='block_1_4' title="bbox 139 3072 1170 3159">
    <p class='ocr_par' dir='ltr' id='par_1_4' title="bbox 139 3072 1170 3159">
     <span class='ocr_line' id='line_1_35' title="bbox 139 3072 1170 3159; baseline 0.004 -23"><span class='ocrx_word' id='word_1_246' title='bbox 139 3072 287 3159; x_wconf 83' lang='lat' dir='ltr'>legetur?</span> <span class='ocrx_word' id='word_1_247' title='bbox 320 3072 476 3158; x_wconf 86' lang='lat' dir='ltr'>praelatio</span> <span class='ocrx_word' id='word_1_248' title='bbox 506 3091 581 3157; x_wconf 83' lang='lat' dir='ltr'>ergo</span> <span class='ocrx_word' id='word_1_249' title='bbox 610 3073 645 3136; x_wconf 92' lang='lat' dir='ltr'>in</span> <span class='ocrx_word' id='word_1_250' title='bbox 673 3072 776 3137; x_wconf 90' lang='lat' dir='ltr'>modis</span> <span class='ocrx_word' id='word_1_251' title='bbox 804 3093 840 3136; x_wconf 92' lang='lat' dir='ltr'>so</span> <span class='ocrx_word' id='word_1_252' title='bbox 854 3072 881 3135; x_wconf 90' lang='lat' dir='ltr'>is</span> <span class='ocrx_word' id='word_1_253' title='bbox 911 3074 1056 3155; x_wconf 86' lang='lat' dir='ltr'>constat,</span> <span class='ocrx_word' id='word_1_254' title='bbox 1090 3094 1170 3140; x_wconf 91' lang='lat' dir='ltr'>eum</span> 
     </span>
    </p>
   </div>
   <div class='ocr_carea' id='block_1_5' title="bbox 208 3294 1168 3380">
    <p class='ocr_par' dir='ltr' id='par_1_5' title="bbox 208 3294 1168 3380">
     <span class='ocr_line' id='line_1_36' title="bbox 208 3294 1168 3380; baseline 0.013 -31"><span class='ocrx_word' id='word_1_255' title='bbox 208 3302 239 3351; x_wconf 80' lang='lat'>15</span> <span class='ocrx_word' id='word_1_256' title='bbox 258 3296 380 3351; x_wconf 84' lang='lat' dir='ltr'>diffinire</span> <span class='ocrx_word' id='word_1_257' title='bbox 399 3296 442 3365; x_wconf 88' lang='lat' dir='ltr'>N,</span> <span class='ocrx_word' id='word_1_258' title='bbox 462 3294 606 3354; x_wconf 87' lang='lat' dir='ltr'>definitive</span> <span class='ocrx_word' id='word_1_259' title='bbox 624 3295 689 3355; x_wconf 84' lang='lat' dir='ltr'>Mai</span> <span class='ocrx_word' id='word_1_260' title='bbox 705 3300 715 3371; x_wconf 85' lang='grc' dir='ltr'>ΙΙ</span> <span class='ocrx_word' id='word_1_261' title='bbox 733 3306 764 3356; x_wconf 84' lang='grc'>21</span> <span class='ocrx_word' id='word_1_262' title='bbox 779 3301 854 3369; x_wconf 90' lang='lat' dir='ltr'>oum]</span> <span class='ocrx_word' id='word_1_263' title='bbox 873 3317 939 3355; x_wconf 94' lang='lat' dir='ltr'>eum</span> <span class='ocrx_word' id='word_1_264' title='bbox 955 3300 989 3355; x_wconf 88' lang='lat' dir='ltr'><strong><em>N</em></strong></span> <span class='ocrx_word' id='word_1_265' title='bbox 1002 3302 1014 3380; x_wconf 89' lang='lat' dir='ltr'>l</span> <span class='ocrx_word' id='word_1_266' title='bbox 1030 3305 1066 3356; x_wconf 87' lang='grc'>22</span> <span class='ocrx_word' id='word_1_267' title='bbox 1085 3319 1168 3360; x_wconf 89' lang='lat' dir='ltr'>eum·</span> 
     </span>
    </p>
   </div>
   <div class='ocr_carea' id='block_1_6' title="bbox 135 3363 1167 3504">
    <p class='ocr_par' dir='ltr' id='par_1_6' title="bbox 135 3363 1167 3504">
     <span class='ocr_line' id='line_1_37' title="bbox 138 3363 1167 3490; baseline 0.012 -74"><span class='ocrx_word' id='word_1_268' title='bbox 138 3380 222 3417; x_wconf 91' lang='lat' dir='ltr'>mune</span> <span class='ocrx_word' id='word_1_269' title='bbox 241 3363 277 3419; x_wconf 88' lang='lat' dir='ltr'><strong><em>N</em></strong></span> <span class='ocrx_word' id='word_1_270' title='bbox 290 3366 299 3433; x_wconf 78' lang='lat' dir='ltr'>l</span> <span class='ocrx_word' id='word_1_271' title='bbox 317 3372 349 3420; x_wconf 86' lang='grc'>23</span> <span class='ocrx_word' id='word_1_272' title='bbox 367 3366 511 3444; x_wconf 65' lang='lat' dir='ltr'>consopiri</span> <span class='ocrx_word' id='word_1_273' title='bbox 528 3367 562 3422; x_wconf 90' lang='lat' dir='ltr'><em>N</em></span> <span class='ocrx_word' id='word_1_274' title='bbox 562 3368 633 3490; x_wconf 48' lang='lat' dir='ltr'>pat</span> <span class='ocrx_word' id='word_1_275' title='bbox 643 3368 662 3427; x_wconf 83' lang='lat' dir='ltr'>f,</span> <span class='ocrx_word' id='word_1_276' title='bbox 679 3368 858 3423; x_wconf 85' lang='lat' dir='ltr'>inchoativae</span> <span class='ocrx_word' id='word_1_277' title='bbox 876 3368 973 3490; x_wconf 61' lang='lat' dir='ltr'>Nll²⁸</span> <span class='ocrx_word' id='word_1_278' title='bbox 992 3370 1089 3426; x_wconf 79' lang='lat' dir='ltr'>simlia</span> <span class='ocrx_word' id='word_1_279' title='bbox 1107 3373 1167 3444; x_wconf 85' lang='grc' dir='ltr'>ΝΗ</span> 
     </span>
     <span class='ocr_line' id='line_1_38' title="bbox 135 3431 939 3504; baseline 0.011 -21"><span class='ocrx_word' id='word_1_280' title='bbox 135 3431 290 3486; x_wconf 76' lang='lat' dir='ltr'>socrates</span> <span class='ocrx_word' id='word_1_281' title='bbox 308 3432 545 3504; x_wconf 67' lang='lat' dir='ltr'>Np33111131tur</span> <span class='ocrx_word' id='word_1_282' title='bbox 605 3437 688 3504; x_wconf 67' lang='grc'><strong>11342.</strong></span> <span class='ocrx_word' id='word_1_283' title='bbox 707 3453 769 3491; x_wconf 86' lang='lat' dir='ltr'>com</span> <span class='ocrx_word' id='word_1_284' title='bbox 787 3437 884 3490; x_wconf 88' lang='lat' dir='ltr'>modos</span> <span class='ocrx_word' id='word_1_285' title='bbox 934 3481 939 3492; x_wconf 92' lang='lat'>.</span> 
     </span>
    </p>
   </div>
   <div class='ocr_carea' id='block_1_7' title="bbox 0 0 1230 3840">
    <p class='ocr_par' dir='ltr' id='par_1_7' title="bbox 0 0 1230 3840">
     <span class='ocr_line' id='line_1_39' title="bbox 0 0 1230 3840; baseline 0 0"><span class='ocrx_word' id='word_1_286' title='bbox 0 0 1230 3840; x_wconf 95' lang='lat' dir='ltr'> </span> 
     </span>
    </p>
   </div>
  </div>
 </body>
</html>
