2436 3840
117 170 160 234 24
351 166 505 223 VIRGILII
522 166 688 223 MARONIS
706 167 904 228 ΕΡΙΤΟΜΑΕ.

118 322 199 386 toris
222 321 283 385 sibi
298 322 455 387 insertum
470 343 508 386 ac
521 321 735 387 nominatum.
772 341 864 385 mens
879 325 986 386 autern
1001 323 1141 390 moralia

118 406 297 490 intellegit,
330 405 365 469 in
394 427 457 490 qua
485 416 534 471 eat
560 407 730 485 memoria,
757 426 821 488 qua
848 407 919 470 uisa
946 406 999 471 uel
1026 408 1142 474 audita

118 492 275 556 tenaciter
297 494 453 554 memorat
474 495 507 554 et
528 491 563 555 in
585 491 657 574 ipsa
677 490 768 555 uelut
788 489 824 554 in
846 491 983 574 quodam
1005 491 1137 577 integro

118 597 209 640 nasse
229 595 433 660 congregans
449 575 627 640 innumeris
646 574 899 658 cogitationibus
910 579 1021 640 scatet.
1050 581 1139 644 ratio

93 681 195 725 suero
218 660 384 743 superiora
407 663 438 723 et
461 660 610 724 caelestia
632 659 831 743 perlustrans
846 660 1044 725 intellectum
1059 683 1136 745 qua·

119 744 289 810 dammoda
320 745 461 829 ignitum
490 745 757 829 flammosumque
788 743 938 828 possidet.
987 765 1055 809 non
1088 748 1137 811 in·

118 831 231 894 merito
254 829 363 911 itaque
385 832 608 912 praeceptores
623 830 726 893 nostri
741 831 774 893 et
787 829 959 913 praecipue
974 829 1139 914 Sulpita

119 918 215 996 atque
240 912 393 977 lstrius
419 915 583 977 hominem
610 913 721 979 mundi
748 915 881 978 mineris
908 915 1040 979 nomine
1062 935 1136 979 cen-

120 1001 267 1081 suerunt,
301 999 418 1082 quippe
446 999 499 1082 qui
530 999 565 1062 in
593 1002 694 1062 semet
719 999 790 1082 ipso
818 999 916 1063 habet
944 999 1067 1082 omnia,
1098 1021 1138 1064 ex

80 1109 106 1149 ιο
120 1082 234 1166 quibus
256 1083 393 1148 mundus
417 1087 543 1148 constat
564 1083 707 1148 uisibilis.
744 1091 830 1147 terra
851 1084 937 1148 enim
952 1085 987 1147 in
1002 1104 1137 1167 corpore

119 1171 151 1231 et
178 1167 264 1253 ignis
292 1167 326 1230 in
356 1168 480 1250 anima,
509 1189 591 1252 aqua
617 1168 653 1231 in
674 1167 841 1252 rigiditate
864 1172 896 1232 et
917 1189 971 1232 aer
992 1169 1028 1232 in
1050 1170 1137 1254 cogi·

117 1255 334 1316 tamentorum
361 1253 531 1317 uelocitate
559 1252 729 1336 accipitur,
757 1252 804 1316 sol
831 1253 867 1316 in
894 1252 1063 1336 splendore
1086 1275 1138 1319 sa-

117 1336 273 1420 pientiae,
301 1336 377 1400 luna
405 1338 440 1401 in
467 1339 592 1401 incerte
621 1341 654 1402 et
676 1337 818 1401 instabili
841 1340 926 1402 statu
949 1337 1136 1404 diuitiarum

117 1421 375 1504 iuuentutisqne,
404 1442 535 1504 campus
562 1420 691 1486 floridus
718 1422 753 1514 ip
781 1422 950 1486 nobilitate
979 1422 1137 1488 uirtutum

79 1523 105 1565 15
118 1509 151 1570 et
178 1505 370 1569 mititudinis
392 1507 519 1588 plania,
548 1509 675 1570 montes
697 1507 733 1569 in
754 1506 952 1571 exultatione
973 1509 1137 1589 generosi·

118 1591 206 1671 tatis,
230 1588 326 1653 colles
348 1589 384 1653 in
405 1591 606 1654 successione
627 1591 830 1670 hereditatis,
853 1592 954 1656 ualles
975 1593 1010 1655 in
1031 1592 1136 1656 humi·

117 1674 250 1738 liatione
272 1674 506 1757 tribulationis,
536 1675 627 1760 ligna
647 1675 815 1740 fructifera
835 1676 872 1740 in
892 1676 1050 1741 fructibus
1073 1677 1135 1740 lar-

118 1760 243 1844 gitatis,
282 1758 373 1843 ligna
411 1759 533 1824 sterilia
569 1764 601 1824 et
636 1759 707 1824 loca
746 1781 859 1843 aspera
898 1764 931 1824 et
965 1762 1135 1845 uoragines

116 1842 290 1909 inmundae
319 1844 432 1927 spinae
461 1865 589 1928 quoque
617 1848 650 1909 et
676 1845 788 1909 tribuli
815 1844 850 1909 in
878 1845 969 1908 malis
990 1846 1137 1910 moribus

79 1946 105 1986 20
119 1931 288 2012 auarisque
311 1918 469 2009 hiatibus,
494 1933 658 2013 serpentes
680 1933 714 1993 et
734 1949 851 2012 pecora
872 1930 908 1992 in
928 1929 1137 2013 simplicitate

118 2018 213 2099 atque
242 2011 428 2096 prudentia,
456 2035 544 2077 mare
570 2034 696 2096 quoque
723 2013 883 2078 undosum
910 2014 1137 2099 biluosumque

116 2101 151 2163 in
184 2098 352 2162 turbinosa
386 2098 490 2161 cordis
522 2097 742 2180 profunditate
775 2097 916 2162 hominis
945 2099 1038 2162 etin
1065 2100 1137 2184 ipsa

118 2183 253 2247 ratione.

202 2265 263 2330 His
286 2266 434 2331 omnibus
456 2265 531 2329 licet
555 2265 618 2331 alio
641 2265 756 2331 itinere
778 2266 918 2332 decursis
933 2267 975 2331 ad
988 2271 1138 2333 nostrum

78 2370 105 2409 as
117 2351 333 2434 prepossitum
355 2349 417 2415 hoc
438 2354 487 2414 est
501 2349 541 2414 ad
555 2355 731 2416 metrorum
746 2352 948 2438 parationem
962 2353 1027 2416 fine
1042 2357 1137 2417 tenus

116 2456 326 2500 recurramus.
374 2436 477 2500 omnis
504 2456 618 2500 uersus
640 2441 822 2501 exametrus
845 2436 914 2501 siue
937 2441 1135 2520 eptametrus

117 2520 295 2586 rhetoricus
318 2524 387 2602 est3
410 2520 575 2585 trimetrus
598 2524 705 2586 autem
727 2525 760 2585 et
781 2525 986 2586 tetrametrus
1008 2524 1041 2585 et
1056 2543 1135 2605 pen-

185 2696 198 2744 1
211 2706 277 2743 men
290 2691 318 2744 P
329 2691 339 2758 l
352 2697 368 2744 3
380 2689 518 2744 tenaciter
528 2689 557 2743 P
569 2690 579 2758 ll
592 2689 662 2743 etin
674 2689 736 2758 ipsa
746 2703 796 2743 om.
808 2688 843 2743 N
851 2690 861 2758 l
873 2694 890 2742 4
906 2705 987 2753 vassa
1000 2687 1039 2752 N,
1052 2704 1136 2743 vassa

115 2791 143 2844 P
159 2792 169 2859 l
186 2771 260 2844 raiio
272 2790 384 2858 (teras.)
394 2792 422 2845 P
434 2791 444 2858 l
457 2791 643 2858 osuperioraa
664 2790 802 2857 ceras.)P
814 2791 824 2858 ΙΙ
837 2790 876 2847 of.
909 2788 1011 2843 undam
1021 2789 1137 2845 modam

115 2860 153 2924 P,
164 2857 371 2925 quodammodo
380 2857 415 2911 N
422 2860 432 2926 ΙΙ
445 2857 646 2911 tflammosum
684 2857 892 2924 ,famosumque
937 2858 948 2924 ΙΙ
960 2863 975 2910 ‘1
985 2857 1137 2928 precipuas

115 2924 165 2992 Pp
179 2924 304 2993 Sulpicia
312 2925 377 2978 Mai
388 2927 398 2994 ΙΙ
411 2930 427 2978 8
445 2925 525 2978 istius
542 2924 576 2979 N
584 2924 626 2992 lh
644 2942 755 2980 onmem
773 2925 867 3046 Pl‘ss
879 2924 986 3002 in*.*.P
998 2926 1008 2993 l
1021 2940 1094 2979 aser
1106 2916 1141 2980 N

118 2992 175 3062 ,112
193 2991 330 3061 accipitur
347 3008 398 3049 om.
415 2991 449 3046 N
457 2994 468 3061 ΙΙ
481 2998 521 3047 14.
540 3008 654 3061 campos
672 2995 700 3061 (ο
717 3009 751 3048 ιιι
762 2996 790 3060 ιι)
848 2990 1019 3061 lnubrhtate
1036 2993 1108 3048 PNl
1122 2995 1134 3062 ΙΙ

117 3099 149 3148 15
158 3092 339 3148 multitudine
351 3093 487 3172 planitiae
502 3093 536 3146 N
544 3095 554 3161 ΙΙ
565 3094 595 3146 in
608 3110 658 3148 em.
671 3093 706 3147 N
713 3095 723 3163 11
736 3092 907 3147 exaltatione
917 3091 952 3146 N
960 3095 970 3162 l
984 3097 1015 3146 18
1025 3061 1137 3149 stirilia

115 3194 144 3249 P
155 3196 165 3263 l
178 3210 265 3264 spera
281 3193 331 3263 Pl
346 3200 377 3249 19
386 3173 635 3264 ‘taunucum
651 3194 688 3273 n
697 3196 707 3264 l
725 3201 758 3250 ιο
776 3193 960 3273 ampliante
977 3196 1006 3249 P
1019 3195 1029 3263 l
1042 3200 1073 3249 ιι
1094 3195 1136 3250 ai-

115 3263 253 3332 lesumlllf
267 3261 298 3330 V,
310 3261 492 3328 beluosnmq;
508 3260 542 3314 N
550 3263 560 3329 l
573 3268 606 3316 22
619 3262 703 3317 andis
718 3262 744 3317 V
775 3263 902 3317 hommes
918 3261 964 3331 Vn
977 3264 1006 3317 et
1017 3278 1068 3319 om.
1087 3263 1134 3332 Vll

115 3336 149 3384 24
167 3330 230 3384 aliis
248 3331 346 3383 tenere
364 3329 421 3450 Na!
439 3334 472 3382 25
489 3330 667 3398 propositum
687 3329 745 3385 VN
775 3332 889 3399 petione
906 3331 947 3396 P,
970 3332 1135 3385 narratione

78 3414 86 3433 ι
118 3396 177 3452 VN
186 3399 195 3465 l
208 3397 267 3451 sine
285 3399 368 3450 tenus
414 3395 448 3450 N
456 3398 466 3465 ΙΙ
479 3401 512 3449 26
530 3413 626 3452 omnes
647 3397 693 3466 Vl
706 3414 803 3453 vorsus
824 3397 894 3454 V¹N
906 3399 961 3467 [127
980 3398 1135 3453 rehtericos

115 3464 156 3532 P,
174 3464 324 3518 rtihoricus
345 3464 390 3534 Vll
403 3465 595 3519 tetrametrus
612 3468 648 3521 P.
