2436 3840
116 155 176 218 110
343 153 497 209 VIRGILII
515 153 681 209 MARONIS
699 153 906 210 EPISTOLAE.

113 309 227 373 debere
261 307 448 372 exhortatur
479 328 517 373 us
545 330 566 373 o
594 327 648 371 om
681 311 718 370 ut
746 308 851 372 doctos
881 309 971 373 doato
999 310 1131 393 doctum,

113 392 226 457 deinde
248 392 283 456 in
306 413 337 458 es
358 396 395 456 ut
413 392 527 474 furies,
551 391 664 456 deinde
679 391 714 455 in
729 412 766 457 as
780 394 817 455 ut
831 393 992 471 detentae,
1016 393 1131 458 deinde

112 479 147 541 in
169 499 184 543 e
206 480 242 541 ut
269 498 366 542 omae.
396 477 556 573 ,opinioni
585 496 643 539 nos
672 476 800 540 eredere
827 480 972 561 oportet,
1001 481 1034 542 at
1063 501 1131 543 non

113 563 217 626 solum
245 561 320 625 huie
350 561 496 644 opinioni
528 560 699 643 eredimus,
732 582 844 625 uerum
877 563 975 626 etiam
1007 563 1044 626 in
1072 564 1130 628 has

74 666 86 704 ⁵
113 647 238 711 easdem
260 646 400 729 syllabas
422 646 524 708 multa
547 666 666 729 genera
690 648 818 726 exeant,
847 647 930 711 sieut
950 647 986 710 in
1007 667 1045 712 as
1068 649 1130 712 duo

112 753 248 816 genera,
278 729 489 794 masculinum
517 733 549 794 et
576 733 726 794 neutrum
748 734 785 792 ut
806 751 939 796 maneas
961 734 994 795 et
1016 733 1128 814 impos.

112 816 167 880 sed
182 836 298 900 graeca
312 816 444 879 nomina
459 835 586 879 omnem
601 836 757 898 generum
773 814 968 898 syllabarum
982 818 1129 901 regulam

112 903 333 983 corruperunt.

195 983 290 1047 Multi
314 985 352 1048 de
375 983 574 1047 nominatiuo
598 1004 672 1047 casu
693 983 795 1047 multa
818 984 971 1068 seribere3
995 986 1050 1050 sed
1068 986 1129 1050 hoe

74 1089 97 1127 10
112 1070 196 1133 inter
225 1073 330 1133 cetera
352 1070 491 1133 maxime
512 1068 688 1151 requisisti,
718 1089 774 1132 our
795 1069 1006 1134 masculinum
1030 1075 1062 1134 et
1084 1071 1129 1135 fe-

110 1154 268 1218 mininum
292 1158 324 1218 et
345 1157 496 1217 neutrum
519 1152 644 1217 dicendi
668 1153 701 1217 in
724 1175 784 1218 usu
798 1152 963 1217 hebemus.
998 1155 1128 1237 quidam

109 1239 298 1323 simpliciter
320 1238 484 1320 dixerunt,
508 1238 593 1322 quod
615 1238 827 1302 masculinum
847 1237 910 1302 hoe
924 1259 991 1302 esse
1007 1238 1126 1315 debuit,

109 1325 194 1408 quod
221 1324 395 1388 seeundum
423 1323 645 1387 habitudinem
674 1323 816 1406 eorporis
845 1322 1067 1388 ostenderetur
1096 1329 1128 1390 et

108 1411 154 1473 ita
176 1409 368 1473 femininum
390 1410 427 1471 ut
447 1409 502 1473 uir
524 1411 557 1472 et
578 1409 706 1489 mulier,
730 1413 844 1473 taurus
859 1411 891 1472 et
905 1429 1019 1487 doceo,
1044 1412 1129 1475 ories

71 1511 95 1552 15
109 1497 142 1557 et
164 1495 245 1570 ouis,
269 1494 359 1558 eoois
381 1495 413 1556 et
435 1497 506 1557 eata
530 1495 561 1556 et
583 1496 688 1556 eetera
703 1492 862 1556 animalia.
894 1513 1005 1556 omnes
1020 1498 1126 1557 autem

108 1599 159 1641 res
182 1577 363 1641 materiales
385 1579 422 1640 ut
443 1578 563 1659 lapides
585 1580 617 1640 et
640 1578 767 1644 arbores
789 1580 822 1641 et
844 1578 935 1660 siqua
950 1581 1027 1641 sunt
1041 1579 1127 1641 simi·

108 1662 168 1741 lia,
197 1661 358 1726 neutralia
385 1661 447 1725 diei
480 1661 598 1725 debere
627 1666 829 1726 censuerunt.
874 1661 948 1726 inde
977 1661 1127 1727 dicebant

107 1749 155 1812 bio
177 1749 231 1812 uir
254 1753 286 1811 et
307 1748 383 1814 boae
404 1747 518 1812 matter
540 1750 572 1810 et
593 1747 649 1812 boo
671 1748 753 1830 lapis
774 1749 808 1810 et
828 1747 885 1811 boe
907 1747 1003 1813 arbor
1025 1750 1057 1811 et
1071 1748 1127 1813 hoe

108 1853 179 1898 cero
201 1835 234 1897 et
255 1833 311 1898 boe
327 1833 427 1916 panis
449 1835 482 1896 et
503 1831 558 1897 bor
579 1832 690 1897 domus
712 1835 744 1896 et
765 1831 821 1896 boe
843 1851 968 1896 manua.
1010 1853 1127 1896 moneo

68 1933 94 1974 20
107 1918 214 2002 itaque
236 1920 284 1996 te,
309 1939 328 1982 o
350 1917 450 1981 frater
466 1917 645 2000 carissime,
669 1919 705 1980 ut
720 1916 868 2000 quamuis
883 1937 951 1980 non
965 1916 1026 1980 hae
1040 1938 1127 1981 nuno

106 2002 337 2067 consuetudine
364 2000 525 2066 scribendi
553 2005 697 2081 utamur,
725 2006 833 2065 tamen
862 2001 936 2084 quia
964 2000 1026 2064 hoe
1048 2009 1127 2085 aput

106 2091 229 2151 ueteres
262 2108 321 2170 pro
355 2090 443 2149 reato
476 2085 648 2163 habeatur,
688 2085 792 2168 siquid
825 2086 909 2150 forte
941 2084 1126 2150 huiusmodi

106 2173 259 2254 seriptum
282 2169 481 2252 repperiens,
505 2169 580 2233 lieet
601 2190 667 2233 non
689 2170 730 2233 ad
752 2169 966 2234 indubitatam
987 2170 1125 2235 auetori-

105 2261 206 2320 tatem
228 2253 439 2316 refferendum
461 2257 568 2336 putes,
591 2256 700 2318 tamen
723 2255 806 2337 quod
822 2277 841 2319 a
856 2254 1019 2319 ueteribus
1034 2276 1125 2319 usur·

67 2344 217 2423 rspatum
245 2343 306 2416 est,
334 2337 567 2421 reprehendere
596 2339 727 2402 omnino
754 2359 820 2402 non
849 2339 954 2403 debes.
998 2361 1124 2403 uerum·

104 2428 214 2487 temen
235 2421 313 2486 haee
336 2425 399 2487 tria
420 2444 540 2506 genera
565 2427 698 2508 propter
718 2422 942 2489 discretionem
962 2424 1124 2508 quandam

172 2616 195 2664 9.
214 2610 271 2665 Ars
288 2626 333 2668 aa.
345 2608 432 2664 Bora.
445 2611 491 2675 82,
503 2610 553 2663 27:
577 2608 712 2679 Virgilius
729 2608 863 2662 Assianus
881 2608 954 2661 dixit
971 2609 1008 2662 ad
1020 2609 1123 2663 Iulium

104 2678 265 2733 diaconem:
288 2678 340 2731 hoe
363 2677 439 2731 inter
460 2678 556 2731 cetera
577 2678 698 2731 maxima
721 2674 872 2744 requeaiati
890 2705 924 2714 —
942 2679 1074 2730 neutrum
1093 2677 1123 2731 in

105 2777 135 2785 -
153 2745 309 2800 habeamus
326 2775 360 2786 -
376 2744 562 2798 masculinum
579 2744 633 2797 hoe
650 2781 683 2788 -
701 2759 771 2797 vaca
788 2772 821 2782 -
839 2743 910 2797 cada
922 2774 956 2784 —
967 2745 1123 2799 mattrialea

104 2843 135 2851 —
153 2814 371 2867 neutraliter-
388 2812 516 2867 unde-
532 2827 639 2869 manus.
738 2816 777 2865 lt.
795 2810 866 2866 Eae.
884 2811 970 2867 Bam.
989 2815 1053 2878 192,
1072 2815 1121 2866 29:

103 2879 200 2934 Omnis
217 2882 313 2934 autem
325 2910 358 2920 ·-
370 2880 537 2935 neutraliter
551 2909 581 2918 -
595 2879 669 2933 unde
682 2909 714 2917 —
727 2880 819 2933 manio
838 2883 950 2942 (moneo
963 2895 1034 2935 corr.
1045 2896 1079 2936 m.
1092 2883 1121 2946 2)

103 2977 135 2986 -
153 2948 182 3000 te
200 2947 289 3001 frater
307 2988 313 3000 .
333 2992 338 3005 .
358 2964 415 3002 non
432 2948 485 3002 hae
503 2964 560 3002 non
579 2986 585 2999 .
606 2986 612 3001 .
630 2946 736 3001 utimur
757 2996 760 3001 ,
783 2988 788 2999 .
808 2990 814 3002 .
834 2948 911 3016 apud
930 2993 936 3006 ,
957 2989 962 3002 .
982 2991 990 3006 .
1008 2985 1015 3000 .
1033 2947 1122 3001 habe-

103 3015 186 3068 batur
214 3014 291 3082 sedq;
315 3014 388 3069 forte
413 3056 470 3073 ...
495 3015 634 3085 repereris
659 3057 664 3068 .
685 3055 691 3068 .
713 3060 719 3072 .
739 3059 745 3072 .
767 3015 946 3069 referendum
973 3054 1030 3074 ...
1054 3015 1122 3083 quia

104 3082 246 3137 veteribus
265 3125 271 3137 .
293 3121 298 3134 .
321 3127 327 3140 .
346 3099 402 3137 non
420 3083 506 3137 debes
525 3083 646 3142 omnine.

169 3260 185 3307 3
202 3251 232 3306 in
251 3253 278 3321 e]
299 3249 329 3323 ip
346 3267 375 3317 aa
391 3251 425 3305 N
438 3253 447 3320 ΙΙ
466 3251 598 3320 opinione
616 3251 651 3305 N
663 3253 673 3320 ΙΙ
691 3254 722 3305 ut
739 3251 771 3306 N
781 3252 819 3319 114
837 3251 936 3318 etiam]
956 3249 1032 3317 quod
1050 3249 1118 3304 add.

101 3321 165 3376 Mar·
182 3323 192 3389 ΙΙ
210 3327 226 3375 b
244 3321 348 3374 multas
366 3319 400 3373 N
414 3334 481 3374 corr.
499 3320 564 3374 Mai
580 3322 618 3389 119
637 3320 730 3390 multi]
750 3319 828 3373 nolui
845 3317 947 3373 Hortel
958 3319 968 3384 ll
981 3316 1117 3385 seribere]

100 3389 165 3454 fort.
188 3389 323 3443 scribsere
340 3389 351 3456 ΙΙ
369 3393 400 3441 12
423 3403 492 3455 quos
514 3387 549 3441 N
568 3403 636 3442 corr.
656 3387 742 3456 Motu
762 3394 791 3441 17
815 3385 932 3440 deberet
948 3385 991 3452 N,
1015 3384 1120 3439 debere

101 3471 169 3512 corr,
189 3457 254 3510 Mat
266 3457 276 3524 ll
289 3463 321 3510 26
340 3455 491 3524 quendam.
