2436 3840
143 168 204 233 156
369 165 524 221 VIRGILII
541 164 708 220 MARONIS
726 163 935 221 EPISTOLAE.

444 351 501 417 IV.
536 350 595 415 Dic
618 349 857 416 ADUERBIO.

226 487 340 553 Omnis
367 487 445 551 urbs
474 486 601 550 munita
629 489 663 550 et
691 486 797 550 cincta
818 486 905 550 ciues
926 486 1086 552 hostibus
1109 510 1171 554 non

141 572 260 637 tradat:
293 574 340 636 ita
372 571 524 636 historica
556 571 715 654 expositio
749 570 776 635 si
803 575 890 635 recte
917 591 955 635 ao
984 573 1172 639 rotabunde

142 656 240 721 fuerit
267 656 446 740 perordita‚
476 655 594 719 nullius
616 654 875 738 reprehensionis
897 655 1010 720 locum
1032 656 1172 723 ulterius

142 741 282 806 habebit.
318 740 404 804 unde
427 761 485 804 nos
508 739 653 804 doctores
668 744 801 803 monent
815 742 852 803 ut
867 760 981 804 omnes
996 743 1093 806 artes
1108 764 1170 808 nou

117 826 245 890 aeolum
274 824 482 909 principales,
510 846 621 887 uerum
649 824 745 888 etiam
773 824 949 888 mediocres
972 827 1083 909 atque
1106 827 1172 892 offi-

144 910 241 974 ciales
263 912 350 973 recte
371 911 405 972 in
427 909 529 993 presis
551 913 744 973 statuantur.
778 910 1022 993 propterquod
1047 915 1086 976 et
1101 933 1170 1011 ego,

144 995 218 1077 qnia
240 993 299 1057 tibi
323 993 361 1056 de
383 994 514 1057 nomine
536 1014 572 1056 ao
594 993 785 1077 pronomine
806 994 968 1077 nerboque
989 995 1171 1061 breuianas

144 1080 360 1163 expositiones
383 1099 440 1162 per
462 1078 614 1162 epistolas
636 1077 869 1156 intimauerim‚
892 1077 1073 1144 inferiores
1097 1101 1169 1166 qno

144 1184 205 1246 que
234 1167 343 1247 partes
369 1161 570 1226 breuioribus
600 1161 728 1245 quidem
761 1161 816 1225 sed
849 1163 991 1246 propriis
1021 1165 1170 1250 epistolis

106 1284 130 1323 10
144 1247 337 1332 eoptauabo,
367 1247 555 1330 praesertim
583 1267 654 1310 cum
683 1246 830 1330 epitomis
857 1247 896 1310 de
924 1245 993 1311 IIII
1020 1252 1171 1332 partibus

143 1354 242 1396 unum
275 1331 337 1396 feci
368 1331 572 1415 opuseulum,
611 1351 693 1414 quae
723 1331 869 1394 residuae
898 1333 976 1395 sunt
1012 1333 1169 1400 aduerbio

143 1417 266 1480 seilicet
288 1416 460 1499 participio
483 1415 711 1480 coniunctione
734 1421 767 1479 et
788 1415 1040 1499 praepositione.
1075 1418 1169 1484 hissi

143 1501 290 1585 proprias
313 1499 453 1563 habeant
475 1498 642 1583 epistolas,
671 1500 769 1583 paulo
792 1501 889 1564 latius
911 1500 1038 1584 aliquid
1062 1503 1169 1589 legen·

143 1584 230 1647 tibus
254 1582 436 1646 conferatur
457 1583 496 1648 ad
519 1604 656 1651 sensnm.

107 1702 131 1743 15
229 1667 426 1732 Aduerbium
463 1688 541 1732 oro
578 1671 693 1751 quarta
728 1667 884 1732 orationis
918 1669 1087 1751 particula
1114 1676 1169 1751 est,

144 1772 225 1837 quae
247 1753 323 1836 quia
345 1753 444 1817 uerbo
463 1689 610 1833 adheret,
634 1752 821 1816 aduerbium
835 1759 1065 1839 nuncupatur,
1089 1757 1170 1822 sicut

143 1858 322 1921 pronomen
350 1859 389 1902 ex
417 1837 559 1902 nominis
586 1838 809 1902 communione
837 1843 982 1902 uocatur.
1022 1840 1084 1905 sed
1106 1840 1169 1905 hiio

145 1923 287 2006 quaestio
315 1921 467 1986 adcurrit.
509 1921 593 1986 forte
624 1922 711 1985 enim
739 1921 854 2005 aliquis
884 1922 1051 2008 inquirat,
1087 1925 1169 2010 qnod

144 2027 209 2071 non
233 2006 346 2070 dubito
362 2012 568 2087 euenturum,
591 2007 619 2069 si
633 2010 803 2090 propterea
817 2006 1005 2070 aduerbium
1020 2014 1170 2089 uocatur,

106 2125 131 2165 ²⁰
144 2090 1172 2244 ddhhrhidbdoiieIdddiidihdilgiidlritaiiioedoiihliititldt‘igbunddd

144 2195 476 2341 nonnumquampnon
499 2257 598 2322 uerbo
612 2195 748 2323 (iantum
771 2259 825 2323 sed
848 2197 920 2323 diliis
940 2201 1111 2343 partibirsq
1119 2265 1173 2328 ad·
1214 2254 1216 2259 ¹

145 2340 349 2426 iunguntur?
388 2340 522 2406 dicimus
555 2342 641 2407 enim
674 2363 793 2427 mopso
824 2345 918 2410 ualde
943 2346 1037 2410 uenit
1064 2350 1172 2416 turha.

216 2584 247 2632 15
269 2577 504 2645 Exarmaueris.
524 2593 553 2646 p.
573 2582 637 2643 199,
664 2581 700 2632 16
722 2582 747 2633 et
768 2578 850 2634 Laid.
870 2577 892 2644 f.
913 2582 960 2634 79:
987 2578 1175 2640 Aduerbium

145 2651 187 2700 est
211 2647 313 2714 quarta
332 2675 362 2684 -
380 2647 572 2714 nuncupatum
595 2645 645 2699 sed
667 2645 713 2700 hio
731 2645 859 2713 quaestio
877 2646 1017 2714 adcurrit,
1067 2667 1106 2706 uo
1125 2669 1174 2708 no·

144 2713 220 2766 mine
238 2713 414 2766 vocabuntur
432 2712 566 2767 adverbia
582 2713 791 2781 conparationis
803 2713 850 2768 vel
862 2713 1008 2780 qualitatis
1022 2734 1060 2772 ve
1086 2737 1176 2788 quan-

143 2779 248 2844 titatis,
292 2796 345 2834 uae
369 2795 425 2832 non
447 2780 533 2834 verbo
555 2781 668 2834 tantum
690 2780 788 2834 sed-
813 2781 910 2848 turba,
934 2780 1061 2838 dicimus
1084 2787 1176 2842 etiam

144 2848 204 2900 tam
227 2797 309 2900 docio
327 2848 386 2925 tam
405 2877 436 2885 -
456 2849 485 2926 et
506 2847 536 2900 hi
554 2876 587 2886 —-
604 2848 700 2925 paptes
721 2850 872 2902 numerant
893 2864 980 2903 unam
1002 2851 1112 2919 (unum
1136 2856 1175 2922 L)

144 2914 278 2967 vocantes
296 2930 387 2982 priseo
405 2928 519 2968 nomme
538 2915 719 2980 adverbium,
738 2916 814 2984 quod
833 2919 873 2983 (q3
886 2916 924 2985 L)
936 2916 1062 2974 adheret
1074 2923 1176 2990 verbo,

145 2981 264 3059 alteram
287 2981 557 3102 expressoriumget
572 2983 742 3051 pressorium
761 2983 799 3050 L)
817 2983 966 3038 nominant
984 2985 1098 3042 etenim
1120 3006 1177 3058 que

144 3047 302 3103 nomimbus
320 3049 417 3104 vel-
435 3051 506 3120 sign·
529 3052 602 3104 cant.

146 3173 347 3181 ————

211 3251 350 3330 ¹INCIPIT
374 3251 524 3330 QUAsTA
547 3251 595 3305 DE
618 3251 807 3330 ADVERBIO
826 3253 860 3306 N
872 3256 914 3332 ilfi
937 3254 1062 3312 historia
1080 3258 1119 3313 N
1159 3264 1175 3314 6

144 3336 232 3388 presrs
249 3320 291 3386 N,
310 3322 470 3389 praeceptis
487 3320 551 3374 Mai
564 3320 602 3388 119
619 3337 729 3398 prospis
747 3321 789 3388 N,
829 3338 872 3401 erjs
893 3323 965 3399 iouis
976 3321 1045 3403 Mai
1057 3327 1092 3381 in
1142 3330 1174 3382 c.

144 3388 255 3520 pppepcp'll
268 3393 303 3508 pp
320 3387 473 3508 pltiplplpppo
491 3388 525 3442 N
541 3390 627 3457 {lenm
659 3405 689 3440 in
707 3388 773 3444 add.
825 3406 855 3442 ac
872 3339 1042 3457 {iaphitomr
1059 3393 1093 3449 N
1141 3401 1173 3449 12
