2436 3840
428 109 450 164 1.
479 107 528 163 un
547 44 751 166 sarianum.
1075 109 1097 175 5

79 262 207 347 quidem
221 261 285 326 fuit
298 264 442 342 Anneus,
459 283 554 346 quem
566 260 615 325 bis
628 258 849 324 centenarium
859 258 957 323 fuisse
969 259 1096 342 ferunt3

80 347 135 412 sed
163 347 237 431 quia
259 346 311 411 hic
334 345 405 410 Beli
428 345 592 410 cuiusdam
615 345 702 428 regis
724 343 922 427 temporibus
944 343 1043 409 fuerit
1064 350 1098 408 et

80 432 177 516 longe
211 434 288 495 ante
317 430 499 516 linguarum
532 432 699 494 retroacta
724 429 856 492 diuissio
884 430 944 510 sit,
978 449 1097 512 negare

81 519 228 601 cogimur
242 516 435 579 latinitatem
457 518 571 598 utpute
594 513 809 598 antiquiorem
831 535 870 577 ex
892 513 963 597 ipso
979 512 1096 577 Latino

81 601 283 685 usurpauisse
298 600 504 683 uocabulum,
524 599 578 664 sed
593 599 702 682 putius
716 603 753 662 ut
770 599 926 662 Aeneae
942 619 979 661 ao
1000 597 1144 665 maio-5.

80 686 170 750 ribus
198 685 304 757 uisum
336 687 386 748 est
418 705 458 748 ex
490 684 659 749 latitudine
687 683 787 767 ipsius
814 682 945 767 linguae
974 685 1100 746 constat

80 771 182 835 fuisse
198 770 375 833 diriuatam.
404 767 541 853 denique
557 789 630 832 cum
645 768 797 832 hebream
811 788 982 852 grecamue
996 770 1099 831 trans-

81 855 174 920 edcre
189 854 224 917 in
240 853 374 918 latinam
388 853 535 938 linguam
548 853 702 936 uolueris,
720 852 804 917 hanc
820 851 969 916 omnibus
984 851 1098 926 modis,

80 938 217 1022 loquelis
239 937 439 1003 orationibus
453 937 647 1022 syllabisque
661 936 807 1001 latiorem
823 937 987 1001 offendies.
1019 937 1099 1001 hacc

81 1030 188 1088 autem
209 1023 353 1088 latinitas
374 1025 508 1107 propter
527 1026 690 1087 oratorum
705 1023 944 1086 ornatissimum
958 1021 1099 1105 leporem
1112 1037 1138 1077 10

82 1108 185 1173 oratio
201 1109 421 1191 nuncupatur,
438 1106 522 1170 unde
538 1111 571 1172 et
580 1110 688 1191 partes
699 1107 852 1170 orationis
862 1106 1100 1188 intellegendae

82 1197 159 1258 sunt
185 1194 293 1276 partes
321 1191 505 1256 latinitatis.
549 1194 584 1255 at
611 1212 687 1255 uero
710 1191 764 1274 qui
786 1194 892 1274 partes
920 1191 1101 1254 orationum

84 1297 237 1343 caraxare
252 1275 383 1356 uolunt,
406 1275 513 1340 nescio
529 1296 592 1359 qua
606 1275 797 1340 auctoritate
812 1276 1013 1356 animantur,
1037 1274 1101 1338 nisi

82 1362 166 1427 forte
189 1363 225 1424 ut
247 1359 425 1444 Glengus
448 1361 614 1442 uastauit,
638 1382 733 1445 quem
756 1360 951 1444 Asperius
974 1362 1117 1429 secutus,

84 1450 147 1529 est,
170 1446 332 1509 orationes
354 1467 412 1529 pro
436 1445 638 1510 sermonibus
660 1445 1003 1529 eloquentionibusque
1019 1443 1140 1509 acci-1⁵

83 1531 219 1615 piendae
241 1534 335 1611 sunt,
358 1530 494 1614 quaein
517 1532 591 1594 octo
612 1533 720 1613 partes
742 1529 822 1595 lindi
844 1529 979 1594 soleant.

169 1613 355 1678 Latinitatis
378 1616 486 1678 autern
509 1635 629 1699 genera
650 1619 725 1678 sunt
739 1613 820 1696 ΧΠ,
845 1635 981 1697 quorum
1001 1634 1102 1677 unum

82 1699 240 1764 usitatum
266 1697 358 1780 fitur,
387 1718 450 1781 quo
479 1699 653 1782 scripturas
675 1698 784 1762 Latini
811 1719 921 1762 omnes
944 1702 1103 1761 atramen-

82 1785 202 1851 tantur.
246 1783 284 1844 ut
310 1784 418 1845 autem
447 1782 646 1846 duumdecim
672 1803 826 1867 generum
849 1782 1103 1865 experimentum

84 1970 194 2024 ceteros
221 1967 350 2020 auctores
375 1967 452 2020 recte
478 1966 620 2022 utebatur.
651 1964 779 2020 latinitas
805 1967 838 2019 ut
864 1966 979 2034 quidam
1006 1966 1104 2019 dicunt

85 2037 122 2091 ab
133 2036 182 2089 illo
193 2049 296 2088 nomen
308 2033 434 2103 accepit,
451 2034 500 2088 sed
512 2033 563 2088 alii
575 2033 770 2089 rationabilius
782 2033 956 2089 latinitatem
968 2034 1103 2103 exipsius

84 2105 197 2173 linguae
208 2101 359 2156 latitudine
368 2101 539 2155 vocabulum
548 2101 698 2172 sumpsisse
707 2101 811 2160 ferunt.
829 2117 893 2155 cnm
905 2103 978 2156 enim
989 2101 1103 2156 ebream

84 2185 236 2242 gracamva
262 2169 291 2222 in
313 2168 433 2223 latinam
455 2169 495 2223 lin
536 2185 582 2224 am
604 2168 757 2224 transferre
780 2169 902 2223 volueris
920 2200 952 2209 -
969 2169 1102 2224 invenies.

84 2255 138 2317 nac
159 2238 251 2315 minus
274 2237 304 2290 et
324 2236 378 2314 hoc
400 2187 580 2314 intuentium,
604 2237 679 2305 quod
701 2236 772 2316 haec
794 2235 919 2291 latinitas
935 2253 987 2316 pro
1008 2242 1053 2290 ter
1071 2267 1103 2276 -

84 2306 243 2362 latinitatis.
285 2304 426 2358 orationes
455 2320 530 2359 enim
560 2319 622 2375 pro
639 2305 814 2360 sermombus
842 2304 994 2359 elocutioni
1014 2319 1103 2372 usque

85 2387 252 2475 iicipiendaa
269 2435 302 2445 -
320 2404 420 2460 solent.

154 2481 178 2533 9.
195 2473 267 2528 Nnc.
284 2472 371 2530 Bam.
389 2472 437 2539 (cf.
454 2472 567 2540 Hapsus*
582 2472 687 2526 Aaecd.
711 2472 791 2526 Helu.
809 2487 838 2540 p.
859 2475 921 2537 190,
941 2475 1000 2536 16):
1027 2470 1105 2523 Haec

84 2543 181 2598 autem
199 2571 231 2580 -
251 2540 430 2606 eloquentiae
451 2539 578 2610 leporem
595 2569 628 2579 -
645 2538 722 2592 unde
738 2541 835 2609 partes
855 2569 889 2577 -
909 2540 974 2590 sunt
997 2537 1031 2589 de
1054 2553 1104 2612 nu-

83 2625 164 2664 meio
187 2609 283 2677 partes
302 2607 471 2663 Latinitatis.
507 2607 649 2663 orationes
670 2621 723 2677 pro
746 2606 921 2660 sermonibus
941 2602 1105 2657 elocutioni-

84 2678 211 2745 bnsquaa
228 2705 261 2716 -
279 2675 397 2736 soleant.

136 2912 141 2923 ·
155 2852 170 2922 ¹.
183 2845 298 2923 quidam
310 2844 375 2898 Mai
386 2845 396 2913 11
410 2843 593 2898 centinarium
605 2844 646 2910 P,
664 2842 858 2898 cenentarium
869 2842 902 2897 N
912 2843 921 2911 11
934 2848 949 2894 2
967 2840 1038 2895 belli
1048 2841 1102 2976 11111

84 2910 934 3044 ³tb¹t²llll.t'l⁴liutttltttltitltll
970 2908 1105 3045 11111.

83 2997 184 3126 ticam
196 3046 259 3101 PN
268 2980 472 3166 lqtiansaeiiere
483 3048 521 3115 P,
534 3019 761 3124 transseiiere’N,
774 3046 926 3101 transferre
938 3046 1002 3099 Mai
1014 3047 1018 3113 1
1037 3044 1105 3097 910-

84 3115 178 3193 quqbs
189 3115 218 3167 P
229 3115 240 3182 11
252 3131 268 3168 o
282 3113 389 3168 lendies
405 3114 434 3168 P
450 3115 460 3182 11
481 3121 511 3168 lo
528 3113 767 3166 ordinatissimum
785 3115 814 3167 P
829 3115 839 3191 1
852 3113 979 3192 laborem
1043 3112 1052 3177 11
1072 3115 1103 3162 11

84 3185 230 3239 oratrones
248 3181 282 3235 N
290 3182 300 3250 1
315 3186 345 3234 12
362 3183 452 3252 partis
469 3180 503 3234 N
512 3181 567 3249 1113
585 3195 716 3234 cracxare
727 3183 756 3235 P
767 3182 777 3249 11
789 3198 840 3249 qui
857 3181 1035 3236 actoritatem
1047 3178 1076 3230 P
1089 3177 1102 3245 11

85 3273 118 3321 14
136 3252 248 3335 asperif
261 3266 289 3318 P
305 3265 315 3332 1
331 3266 457 3336 seouptus
473 3264 507 3318 N
520 3265 530 3331 l
549 3270 580 3319 15
598 3264 748 3343 orationes]
765 3279 816 3322 om.
835 3264 869 3318 N
877 3265 887 3341 1
900 3260 1105 3382 eloqqcntioni·

83 3335 137 3456 pp:
158 3350 199 3470 ueu
210 3334 274 3456 {gig
274 3334 408 3457 „timu
413 3338 463 3469 Poll
472 3332 580 3454 affin}
580 3331 615 3384 N
622 3331 633 3400 11
647 3338 678 3387 18
695 3333 767 3385 situi·
784 3331 826 3399 N,
845 3335 932 3386 scitur
982 3330 1115 3394 cattum-
