2436 3840
116 178 176 242 148
340 175 494 230 VIRGILII
511 174 677 229 MARONIS
694 174 905 230 EPISTOLAE.

199 328 250 392 De
277 328 421 412 optatiuo
449 348 576 412 quoque
603 327 699 392 modo
719 328 854 393 famosis
876 331 909 393 et
931 328 1138 394 ucntilabilis

115 414 260 498 quaestio
289 413 449 496 nescitur,
479 416 590 476 utrum
612 433 749 495 namque
771 413 807 477 in
828 413 1044 478 declinatione
1066 419 1138 480 tres

113 501 243 563 tantum
264 501 446 580 temporum
468 497 659 561 efficientias
681 497 830 562 ostendit.
867 498 915 562 its
937 500 1034 562 etiam
1049 501 1139 564 ratio

114 582 299 660 continuat,
323 586 432 646 utrum
453 582 629 647 secundnm
645 602 754 646 eorum
769 583 1026 666 intellegentiam
1041 605 1137 667 prae

88 685 188 732 ssens
221 671 349 751 tempus
382 670 417 730 et
447 666 657 749 praeteritum
685 665 896 750 inperfectum
923 667 1037 732 modus
1065 690 1138 733 non

114 752 264 836 recipiat,
294 773 336 814 an
364 751 472 835 potius
495 751 558 814 duo
581 754 727 834 tempora
748 751 808 816 sub
830 773 895 815 una
916 752 1137 818 declinatione

112 837 166 900 uel
188 838 321 920 propter
343 834 436 900 latini
458 837 560 899 status
580 835 771 900 breuitatem
786 835 837 900 uel
852 836 950 901 etiam
963 841 1000 901 ut
1014 837 1138 903 auden·

112 921 178 985 tius
200 920 320 998 dicam,
344 924 476 1004 propter
498 919 681 1004 angustiam
713 942 771 1003 per
799 920 879 985 duos
907 921 1034 985 ordines
1057 943 1138 987 con-

112 1005 293 1084 tineantur,
316 1008 353 1069 ut
373 1027 445 1069 cum
460 1005 595 1068 dicimus
609 1006 735 1070 utinam
749 1024 896 1087 rogarem
911 1010 944 1070 et
958 1006 998 1070 ad
1011 1009 1138 1072 utrum-

75 1110 101 1148 1o
115 1110 176 1174 que
186 1093 314 1172 tempus
329 1089 362 1152 id
378 1094 429 1155 est
442 1093 475 1154 et
484 1110 634 1173 praesens
645 1092 679 1152 et
688 1090 898 1172 praeteritum
907 1090 1137 1174 inperfectum,

114 1174 283 1258 pertineat
320 1175 399 1238 item
428 1196 501 1238 cum
522 1173 658 1238 dicimus
678 1175 806 1239 utinam
826 1194 985 1257 ropassem
1007 1175 1046 1239 ad
1070 1176 1137 1241 duo

111 1260 314 1324 excurrentia
336 1263 483 1342 tempora
505 1259 712 1343 coniugatur:
735 1259 821 1342 quod
843 1262 877 1322 et
899 1280 960 1342 ego
980 1259 1015 1323 in
1031 1261 1137 1343 epito-

111 1366 235 1408 marum
258 1364 355 1427 opere
369 1344 416 1408 its
431 1365 499 1408 esse
514 1343 717 1408 sentiendum
733 1343 898 1408 scribsisse
913 1365 964 1408 me
980 1344 1135 1410 arbitror.

112 1431 253 1493 ceterum
275 1429 313 1492 de
336 1429 577 1510 coniunctatiuo
598 1427 709 1509 modo,
733 1428 809 1510 quia
830 1428 919 1492 nulla
936 1428 1137 1512 ambiguitas

75 1528 100 1568 15
113 1515 175 1587 est,
203 1512 287 1576 nihil
312 1513 516 1576 tractandum
542 1515 630 1594 puto.
667 1514 905 1596 propterquod
928 1514 1026 1577 etiam
1048 1515 1137 1580 indi-

111 1598 252 1661 catiuum
284 1598 415 1661 modum
443 1597 478 1660 in
507 1596 643 1660 eundem
669 1596 882 1679 praedictum,
915 1598 949 1661 id
977 1603 1028 1662 est
1057 1619 1137 1663 con-

111 1681 328 1746 iunctatiuum
335 1731 345 1765 ‚
368 1681 579 1766 redigendum
594 1702 630 1747 ec
644 1680 863 1764 recipiendum
878 1682 1028 1746 nonnulli
1043 1689 1135 1749 uete-

111 1788 182 1830 rum
197 1770 365 1850 putarunt;
382 1767 497 1851 quibus
511 1787 572 1831 nec
587 1786 647 1850 ego
662 1787 819 1830 rennuere
835 1787 974 1848 possum.
1004 1768 1137 1850 quoties

112 1872 189 1936 ergo
222 1851 414 1917 indicatiuus
447 1850 561 1916 modus
594 1851 771 1915 sententiae
804 1853 901 1934 caput
936 1873 1002 1915 non
1040 1851 1136 1936 facit,

74 1952 99 1991 20
113 1937 290 2018 simplicem
312 1937 573 2002 coniunctionem
594 1935 694 2000 faciat
710 1956 840 2000 necesse
856 1939 915 2000 est
952 1936 1138 2019 simplicem

112 2024 219 2085 autem
234 2020 306 2086 ideo
321 2021 472 2099 dicimus,
496 2023 654 2104 quianon
669 2024 737 2084 tarn
752 2020 873 2098 doctis,
897 2041 996 2103 quam
1009 2021 1138 2105 simpli·

112 2107 202 2170 cibus
230 2127 267 2169 ac
298 2106 468 2188 prosaticis
496 2104 663 2168 exordium
697 2105 834 2188 sumpsit
862 2104 942 2169 haec
971 2105 1138 2171 scribendi

112 2190 320 2254 consuetudo.
359 2194 499 2254 ceterum
526 2188 610 2271 apud
633 2189 753 2271 peritos
775 2209 919 2273 quosque
941 2189 1138 2257 Latinorum

112 2294 208 2338 omne
236 2273 373 2337 uerbum
399 2273 484 2358 quod
506 2294 574 2336 non
596 2273 636 2337 ad
660 2272 801 2338 dicturae
824 2278 921 2357 caput
942 2275 1134 2358 pertineret,

74 2372 99 2412 2⁵
114 2359 321 2422 coniunctiuo
344 2379 469 2441 semper
490 2357 586 2422 modo
610 2358 799 2440 ponebatur.

197 2441 294 2507 Nunc
322 2442 361 2506 de
388 2443 642 2528 subfiguratione
671 2442 846 2508 breuiarius
874 2443 1005 2526 quidam
1029 2464 1139 2509 sermo

113 2527 265 2592 dicendus
287 2530 344 2592 est.
378 2528 517 2612 primum
539 2549 617 2612 ergo
639 2528 864 2612 requirendum
879 2530 929 2591 cst
943 2548 1042 2611 quare
1058 2549 1139 2593 con·

113 2613 230 2696 positio
251 2613 351 2678 uerbo
374 2611 521 2678 accidat?
543 2613 585 2677 ob
606 2616 673 2676 tres
694 2617 731 2677 ut
745 2613 863 2695 opinor
877 2633 1005 2693 causas,
1028 2613 1141 2693 prima

113 2703 162 2763 est
192 2719 326 2782 quarum
355 2702 488 2782 propter
519 2718 671 2762 sensuum
704 2698 918 2780 expletionem
947 2697 999 2762 uel
1029 2697 1139 2763 inmo-

75 2799 100 2840 ω
112 2783 285 2848 tationem:
308 2783 447 2847 secunda
468 2786 601 2866 propter
621 2782 717 2846 metri
732 2782 1013 2865 compositionem:
1035 2784 1140 2849 tertia

114 2872 162 2932 est
183 2872 316 2951 propter
337 2868 484 2951 loquelae
499 2867 598 2951 ipsius
615 2866 760 2931 decorem
775 2866 1035 2950 conponendum.
1071 2869 1138 2950 pri·

113 2974 197 3016 marn
221 2973 349 3016 causam
371 2953 509 3016 diximus
532 2973 616 3034 esse,
640 2973 703 3036 qua
725 2972 783 3036 per
804 2951 924 3036 figuras
948 2951 1139 3035 conpositas

117 3092 317 3099 ——--—-

184 3178 196 3224 l
214 3171 330 3250 famosit
346 3170 380 3224 N
393 3171 436 3290 pfl
454 3171 486 3247 ut
503 3170 533 3223 N
551 3186 619 3225 corr.
638 3170 728 3251 Mai-u
746 3188 843 3225 corum
861 3170 896 3224 N
908 3171 946 3239 115
965 3168 1087 3222 mundus
1106 3171 1141 3225 N

113 3253 181 3293 corr.
199 3238 263 3292 Mac
280 3239 289 3306 11
307 3244 323 3292 6
341 3238 393 3291 dec
404 3238 492 3290 metro
510 3237 544 3292 N
558 3253 627 3293 corr.
646 3238 710 3292 Mac
727 3241 782 3307 1112
801 3238 1018 3308 ephetomarum
1035 3235 1139 3305 111113

115 3318 258 3393 corruisse
281 3339 316 3393 Ν
328 3340 337 3407 ιι
357 3343 395 3418 rs
409 3339 582 3417 neeman
605 3338 640 3392 Ν
654 3340 664 3409 ιι
680 3339 807 3419 propser]
826 3340 862 3409 ps
877 3339 911 3393 Ν
924 3339 934 3406 ιι
952 3344 983 3392 19
1005 3339 1087 3404 ergo]
1110 3344 1142 3394 et

115 3407 225 3487 egoN
239 3422 309 3465 corr.
330 3406 394 3461 Mur
411 3406 422 3473 1
439 3407 579 3460 sententia
601 3407 636 3461 N
648 3422 717 3462 corr.
736 3407 799 3461 Mas
818 3408 877 3486 11129
899 3423 1012 3484 sensum
1028 3405 1063 3459 N
1077 3408 1081 3474 1
1106 3415 1142 3463 30

108 3475 214 3526 ternae
233 3474 273 3528 N
276 3476 291 3542 11
301 3481 332 3529 31
355 3473 486 3528 docerem
504 3472 546 3542 N,
567 3474 758 3529 characterem
775 3474 839 3528 Mos
852 3475 861 3542 11
875 3480 907 3528 32
925 3475 1043 3528 cansam
1096 3521 1103 3534 ,
