2436 3840
267 139 302 193 ll.
321 138 585 194 FRAGMENTUM
597 137 982 194 MONTEPESSULANUM.
1095 141 1137 206 99

112 291 273 376 positione
304 292 414 357 littera
444 296 587 356 mutatur
614 295 651 356 ut
678 293 785 356 exulto
815 293 901 375 quod
930 293 1034 356 estin
1056 315 1134 358 uoce

113 377 231 461 prolati
253 377 379 462 gaudii,
401 377 520 442 insulto
544 376 767 441 inrisitationis
791 381 840 441 est
861 376 1023 440 iniuriose.
1062 399 1134 462 per-

113 462 196 526 sulto
229 482 301 525 eum
332 483 390 544 per
412 483 503 525 aures
533 462 629 526 etiam
652 462 749 546 longe
773 462 969 525 adstantium
993 463 1134 525 sonitum

111 549 281 631 penetrare
303 545 396 611 facio.
439 546 558 610 resulto
580 567 650 610 cum
674 547 737 610 alte
759 547 947 630 respondeo.
987 547 1133 611 consulto

112 632 280 715 prudentis
313 631 439 696 consilii
473 635 522 695 est
555 631 732 715 dispositio.
777 636 879 695 testor
908 630 1030 714 aliquid
1059 652 1132 695 con·
1160 654 1173 694 s

112 718 245 780 firmans
275 716 446 780 sententia.
488 719 647 781 contestor
674 737 745 780 eum
775 717 914 800 quadam
945 716 1134 780 auctoritate

112 801 286 864 affirmans.
316 803 476 884 protestor
491 800 659 875 manifeste
675 803 818 866 cauenda
834 801 1040 865 denuntians.
1079 801 1134 864 ob-

111 889 214 950 testor
237 886 375 969 aliquem
398 886 439 950 ad
460 886 682 950 testimonium
707 908 827 950 uocans
846 887 901 970 qui
916 886 959 949 sit
975 885 1134 970 dignitate

111 970 163 1035 uel
193 971 385 1035 auctoritate
414 971 567 1035 eminens.
605 971 745 1035 detestor
773 971 893 1054 aliquid
921 970 1132 1034 execrandum

111 1076 275 1138 respuens.
320 1056 389 1119 iuro
419 1056 632 1121 iuramentum
661 1078 774 1120 uerum
796 1078 868 1120 cum
894 1054 1031 1138 quadam
1053 1055 1132 1119 iuris
1146 1077 1172 1115 10

110 1140 238 1204 iurandi
266 1141 508 1205 confirmatione
536 1141 726 1206 testificans.
763 1143 891 1223 periuro
919 1139 1132 1204 iuramentum

110 1225 253 1289 falsitate
268 1226 426 1309 polluens.
457 1225 568 1289 adiuro
583 1227 740 1289 maiorem
756 1225 934 1308 potentiam
950 1225 1133 1289 obsecrans,

111 1330 198 1393 pono
219 1309 407 1392 simpliciter
423 1310 544 1393 aliquid
558 1314 712 1375 statuens.
743 1310 878 1393 dispono
891 1310 1013 1392 aliquid
1027 1309 1132 1392 operis

110 1394 303 1477 inpensioris
332 1396 384 1458 uel
412 1394 539 1459 consilii
568 1395 720 1459 facturus.
761 1397 809 1459 est
836 1394 932 1459 etiam
963 1394 1133 1478 disponere

109 1479 246 1544 foederis
268 1479 409 1557 ineundi,
433 1501 579 1563 propono
602 1501 844 1564 nonnumquam
868 1479 907 1543 ad
929 1480 1129 1562 interrogari·
1146 1503 1170 1542 15

109 1565 184 1627 dum
199 1564 350 1647 pertinet,
367 1585 494 1647 appono
509 1565 698 1630 adiectionis
714 1569 771 1630 est.
805 1565 929 1648 inpono
944 1563 1130 1628 insinuandi

110 1653 173 1730 est,
197 1670 377 1732 superpono
400 1653 507 1713 autem
523 1649 660 1732 aliquem
676 1671 806 1714 censum
821 1649 874 1714 uel
889 1649 1043 1713 laborem.
1074 1647 1130 1713 VI.

110 1734 298 1814 cuicumque
326 1732 471 1798 indicens
497 1754 645 1816 propono
674 1734 795 1817 aliquid
821 1733 1007 1817 praeferens
1030 1733 1075 1797 sic
1098 1735 1131 1796 et

110 1820 282 1899 antepono.
322 1838 397 1880 nam
417 1819 576 1900 postpono
598 1816 676 1881 alias
697 1817 833 1881 inferius
854 1817 1009 1881 iudicans.
1044 1838 1131 1881 com·

108 1922 195 1984 pono
219 1899 332 1965 orandi
354 1906 411 1966 aut
432 1902 550 1985 eloquii
572 1905 629 1966 aut
650 1901 778 1966 artificii
800 1904 858 1969 est.
896 1923 1016 1984 sepono
1040 1922 1127 1984 sepa»
1145 1927 1171 1966 20

108 1986 217 2070 randi,
240 2007 385 2070 suppono
408 1985 529 2070 aliquid
551 1987 663 2051 subtus
685 1986 849 2051 inducens.
894 1986 1021 2069 depono
1044 1986 1129 2049 labe·

108 2071 251 2136 laetandi
274 2075 323 2136 est
345 2072 398 2136 uel
419 2073 487 2136 uita
502 2070 684 2136 excedendi.
707 2071 768 2136 EX
782 2070 962 2136 Eunoen
978 2070 1016 2136 X.
1039 2069 1130 2134 Inter

108 2177 219 2220 uerum
248 2158 280 2220 et
307 2179 384 2222 uero
412 2158 492 2221 duae
515 2159 591 2222 sunt
613 2157 800 2221 distantiae:
828 2178 893 2220 una
916 2156 992 2240 quia
1015 2177 1129 2220 uerum

108 2241 317 2324 praepositiui
350 2242 472 2306 ordinis
506 2245 569 2322 est,-
602 2263 677 2307 uero
710 2242 923 2307 subiunctiui:
958 2241 1021 2306 alia
1054 2241 1129 2325 quia

108 2346 219 2388 uerum
243 2326 411 2390 causaliter
433 2347 490 2410 pro
512 2330 622 2391 tamen
642 2327 794 2408 habetur,
817 2348 894 2392 uero
910 2325 1126 2412 expletionem
1142 2348 1169 2388 as

109 2429 184 2472 suae
199 2412 326 2473 tantum
342 2410 492 2474 stationis
508 2411 674 2494 accipitur.
708 2411 895 2494 frequenter
910 2411 1054 2476 causales
1069 2432 1128 2494 pro

109 2493 319 2557 rationalibus
346 2498 379 2558 et
401 2493 601 2577 copulatiuae
624 2514 681 2577 pro
705 2494 885 2559 causalibus
906 2497 984 2578 poni
1006 2495 1130 2576 solent3

109 2577 192 2641 sicut
215 2576 354 2642 Cicero
383 2585 452 2642 ‘uos
479 2577 602 2642 uicistis
632 2582 664 2642 et
687 2577 731 2641 dii
753 2599 809 2642 uos
832 2579 1006 2642 iuuerunt'.
1052 2599 1128 2661 quo—

109 2663 196 2726 niam
224 2682 283 2745 pro
311 2666 421 2728 tamen
449 2663 591 2746 ponitur.
637 2662 721 2726 sieut
749 2662 917 2726 donatiuas
948 2662 1128 2746 praetorius

108 2748 154 2811 sie
181 2747 268 2812 fatus
298 2751 347 2813 est
374 2755 581 2832 ‘quamquam
608 2769 659 2812 me
688 2750 853 2825 accusent,
884 2747 1037 2831 quoniam
1068 2767 1126 2830 ego
1142 2773 1167 2813 ac

108 2833 299 2898 auctoritate
319 2832 421 2898 fidens
437 2834 581 2898 omnium
595 2834 714 2918 probra
728 2835 860 2907 lemno,
880 2831 941 2897 hoe
957 2837 1006 2896 est
1021 2830 1130 2896 omnia

108 2921 216 2982 tamen
239 2921 358 2983 temno.
402 2918 554 3003 quoniam
581 2919 608 2983 si
636 2918 699 2982 duo
727 2919 825 2981 uerba
847 2917 931 2982 eirca
953 2938 987 2982 se
1009 2916 1129 2980 habeat

107 3002 312 3066 subiunctum
334 3004 435 3086 priori
457 3003 558 3067 faeiat
578 3002 761 3086 Sulpicio
784 3002 944 3067 scribente
967 3001 1129 3066 ‘iurabant

109 3088 261 3170 quoniam
293 3086 522 3171 debellabant,
557 3088 610 3153 hic
639 3091 689 3152 est
717 3088 795 3152 ordo
823 3087 895 3152 ideo
923 3087 1130 3152 debellabant

109 3173 260 3254 quoniam
282 3173 441 3237 iurabant.
1141 3185 1167 3228 ³⁵

178 3365 193 3411 3
211 3363 229 3426 p
247 3375 310 3412 eum
325 3361 334 3426 ΙΙ
349 3365 379 3411 17
397 3363 436 3412 tri⁴
