2436 3840
151 163 210 227 126
380 158 534 215 VIRGILII
550 157 716 213 MARONIS
734 156 941 212 EPISTOLAE.

147 313 325 379 refferenda
352 317 411 379 est.
451 316 501 376 est
528 311 624 377 etiam
646 332 824 394 pronomen
847 309 1020 374 secundum
1043 311 1170 374 utrum·

148 420 210 483 que
233 420 402 463 numerum
424 419 481 481 per
504 399 656 480 quattuor
685 416 793 460 cassus
816 393 1058 475 declinandum,
1088 397 1169 459 duos

148 484 271 548 scilicet
292 482 513 548 nominatiuos
536 502 642 544 cassus
670 484 703 544 et
725 480 922 563 singularem
944 483 977 543 et
998 479 1168 562 pluralem,

148 568 228 633 duos
244 590 344 653 aeque
360 567 560 631 accusatiuos
576 569 611 628 ut
621 569 748 630 austras
759 569 922 645 nostrata,
938 565 1028 628 caios
1038 566 1169 630 calates.

120 655 204 717 ased
227 657 263 717 ut
283 655 362 717 haee
385 652 496 716 eadem
518 651 643 714 ueracia
666 670 734 713 esse
762 648 914 732 exemplis
940 649 1168 732 adprobemus,

147 737 329 802 Donatus
351 738 385 801 in
408 734 548 820 quodam
570 735 711 798 carmine
733 735 779 798 ita
801 734 971 817 conposuit
992 733 1116 798 dicens:

435 849 561 910 nostras
583 846 684 909 omnis
703 843 849 923 familia,
940 871 944 876 ·

434 933 588 994 nostrates
610 948 731 1009 qaoqae
746 948 864 1009 pecora

437 1015 577 1080 coaetant
598 1015 788 1077 inminentia

111 1129 135 1167 10
436 1098 596 1163 hastilium
614 1098 768 1179 pericula.

149 1208 356 1274 Gabritius
390 1229 515 1292 quoque
545 1211 699 1272 nostrates
730 1205 843 1289 inquid
876 1207 1011 1272 salutata
1034 1205 1165 1291 fratrea,

147 1295 224 1376 qaia
251 1299 280 1358 at
307 1298 461 1359 nostrates
488 1313 546 1357 aas
572 1292 711 1372 audique
737 1292 889 1357 salutant.
933 1289 1168 1355 Torrentius

148 1399 273 1462 quoque
302 1381 336 1440 in
367 1381 482 1461 quarto
506 1376 753 1459 dispositionum
775 1375 1059 1459 grammaticarum
1082 1376 1167 1441 libro

147 1463 212 1526 tale
246 1461 448 1545 prohemium
482 1461 597 1525 edidit:
631 1462 720 1525 caius
751 1479 828 1544 pens
860 1465 888 1525 et
916 1461 1033 1525 calates
1054 1461 1169 1542 papali

109 1566 133 1605 15
147 1547 257 1611 litteris
285 1551 350 1610 tana
372 1550 517 1629 prompta
544 1545 640 1609 dediti
667 1548 742 1609 sant
767 1565 864 1625 qaam
893 1544 1004 1623 Tasci,
1033 1565 1168 1625 quoram

146 1635 268 1696 natura
288 1631 391 1711 femur
412 1631 452 1695 ab
475 1630 635 1710 infantiae
658 1630 755 1694 anais
776 1631 952 1711 sapientiae
971 1630 1093 1694 studere
1107 1630 1168 1694 soli

147 1721 176 1781 et
196 1715 279 1780 nibil
301 1716 393 1781 aliod
413 1735 524 1780 amare
546 1735 643 1796 qaam
664 1733 784 1796 semper
801 1713 1047 1796 philosophare?

233 1797 316 1864 Sunt
346 1800 537 1884 pronomina
570 1820 652 1883 quae
685 1806 836 1882 prompta
869 1803 901 1863 et
934 1799 1065 1880 cognita
1098 1818 1168 1862 esse

148 1884 314 1966 uidentur,
349 1884 404 1950 sad
435 1886 470 1949 in
503 1883 574 1948 aliis
609 1883 749 1948 cassibus
783 1883 917 1947 deficere
946 1886 1101 1965 putantur
1130 1886 1168 1946 ut

108 1971 245 2048 insalsa,
276 1973 372 2048 totas,
400 1971 480 2034 altar
501 1970 640 2035 alterius.
679 1967 735 2031 sed
762 1968 789 2030 si
819 1969 891 2050 quis
918 1988 987 2030 sese
1016 1966 1167 2030 omnibus

148 2054 317 2118 latinitatis
340 2053 532 2117 lectionibus
554 2052 718 2132 intendat,
742 2052 911 2116 manifeste
933 2050 1078 2114 inueniet
1100 2072 1168 2116 om·

147 2160 204 2202 nes
233 2159 341 2202 cassus
370 2138 484 2200 horum
512 2137 740 2220 pronominum
762 2137 824 2201 rite
847 2135 1003 2200 declinari
1024 2139 1061 2199 ut
1081 2135 1174 2201 solas·

146 2223 243 2288 salias
264 2223 323 2286 soli
344 2222 445 2287 solam
466 2242 488 2286 a
508 2223 587 2299 solo,
611 2225 644 2284 et
665 2219 833 2303 pluraliter
853 2223 913 2287 soli
933 2221 1071 2286 solorum
1092 2221 1168 2285 solis

145 2306 226 2371 solos
256 2327 277 2370 a
305 2306 387 2370 solia.
424 2327 615 2389 quamquam
647 2306 799 2369 nonnulli
827 2306 1013 2390 genetiuum
1042 2325 1167 2368 cassum

107 2412 132 2451 aa
146 2389 279 2474 pluralis
307 2391 432 2454 numeri
462 2391 497 2453 iu
525 2389 771 2473 pronominibus
799 2412 868 2455 non
899 2389 1059 2472 recipiant
1086 2389 1164 2453 solo·

147 2496 219 2540 ram
252 2479 387 2540 totorum
419 2476 606 2554 alterorum,
640 2478 861 2539 uerumtamen
892 2476 998 2560 legere
1028 2495 1078 2537 me
1107 2494 1168 2537 nec

146 2581 219 2624 raro
241 2581 301 2625 neo
323 2561 358 2623 in
380 2560 510 2624 incertis
533 2560 715 2623 auctoribus
738 2560 870 2623 memini
897 2560 954 2623 hos
977 2579 1068 2623 casus
1090 2558 1166 2622 trite

149 2667 351 2674 -..-—--—-——.

217 2719 239 2766 l.
257 2713 314 2765 Ars
331 2728 377 2768 aa.
396 2711 481 2767 Bora.
495 2713 606 2778 p.136‚
627 2714 675 2764 13:
698 2710 771 2764 Item
788 2709 925 2778 Virgilius
948 2710 983 2764 de
1004 2709 1047 2762 his
1063 2723 1167 2776 prono-

146 2779 269 2832 minibus
291 2778 374 2832 dixit:
398 2780 464 2832 sunt
480 2777 648 2846 pronomina
665 2778 819 2832 secundum
837 2779 988 2845 utrumque
1006 2791 1167 2842 numerum,

146 2861 219 2924 quae
232 2862 283 2913 per
314 2847 429 2900 uattuor
441 2862 521 2900 casus
534 2845 725 2911 declinantur,
744 2849 776 2900 ut
794 2846 870 2899 cuias
884 2846 984 2899 cuiatis
997 2846 1027 2898 st
1037 2843 1166 2898 nomina-

145 2916 206 2967 tivo
224 2863 330 2981 plurili
347 2913 454 2968 cuiatss
472 2914 501 2966 et
517 2913 622 2966 cuiatia
639 2914 668 2966 et
684 2911 844 2967 accusativo
861 2913 967 2983 plurali
988 2912 1107 2967 cuiates:
1127 2911 1168 2964 sic

147 2980 234 3034 etiarn
246 2982 355 3034 nostras
366 2980 499 3035 nostratis
512 2983 542 3034 et
552 2982 693 3034 nostrates
710 2982 857 3035 nostrates.
911 2987 934 3035 7.
948 2980 991 3036 Π).
1000 2995 1030 3046 p.
1044 2982 1102 3037 136.
1117 2984 1168 3033 18:

145 3050 256 3101 nostras
274 3089 281 3102 .
299 3092 305 3106 .
325 3090 330 3103 .
349 3049 473 3103 evadent
490 3046 612 3102 ostilium
635 3089 640 3102 .
661 3087 667 3102 .
686 3087 692 3101 .
711 3047 845 3102 Garriuus
863 3064 976 3116 quoque
995 3046 1168 3126 gramaticus

144 3116 216 3169 incit
233 3117 373 3170 nostrates
391 3117 514 3194 salutata
533 3161 539 3172 .
560 3132 634 3193 ..vos
653 3116 779 3170 salutant
796 3116 898 3170 tertius
917 3157 922 3168 .
943 3158 949 3170 .
969 3132 1013 3192 eur
1032 3129 1120 3191 agens
1140 3157 1167 3192 ·:

146 3201 211 3306 qliiil
225 3185 408 3304 prumptehfl.
429 3183 603 3319 abhppiaptpra
621 3200 709 3318 nappe
735 3184 771 3236 ad
794 3184 927 3237 canitiem
950 3189 1088 3250 sapient1e
1113 3182 1168 3236 soli

146 3271 158 3306 s
213 3268 347 3320 ere..p
390 3268 458 3320 osop
508 3266 698 3304 aar.a1.

214 3395 229 3442 3
246 3386 437 3441 nominativus
455 3384 489 3438 N
501 3387 541 3454 114
560 3385 638 3440 cuius
656 3387 690 3440 N
698 3389 736 3455 lla
755 3387 865 3441 voratis
883 3386 917 3441 N
925 3387 963 3454 119
983 3385 1087 3440 eadunt
1105 3382 1141 3437 N
1151 3387 1163 3451 li

146 3461 177 3507 12
197 3454 265 3520 quid
282 3454 316 3508 N
324 3456 334 3522 ΙΙ
346 3470 396 3507 uos
413 3453 446 3507 N
456 3455 466 3522 ΙΙ
479 3460 510 3506 22
529 3453 582 3507 site
600 3453 638 3507 N.
