2436 3840
79 154 121 218 84
309 149 465 205 VIRGILII
482 148 648 204 MARONIS
666 148 862 207 ΕΡΙΤΟΜΑΕ.

79 305 164 370 solus
192 326 250 388 per
278 303 362 367 diem
384 303 433 366 sui
455 301 591 386 fulgoris
619 303 653 366 ui
680 304 785 366 totum
811 303 920 366 orbem
950 303 1099 367 obtunsis

79 411 145 454 une
167 389 267 453 stellis
290 409 364 452 cuni
383 388 462 451 luna
482 387 649 467 inlustrat,
675 387 727 450 uel
750 390 835 450 certe
851 386 900 450 sol
916 407 954 450 ex
970 387 1099 451 sollem-

79 476 180 539 nitate
219 473 279 537 hoo
319 476 368 536 est
403 472 625 536 habundantia
663 471 842 554 splendoris
882 476 1098 557 nuncupatur.

80 693 260 761 cogitationis
278 721 311 729 -
328 691 441 744 nomine
460 692 603 744 caeterum
621 690 644 742 si
661 704 744 742 omne
763 688 840 756 quod
853 689 1099 757 -requirendum

81 764 123 814 est
141 760 216 813 unde
235 758 394 837 appellatur
411 773 472 824 pus.
490 774 543 826 pus
560 757 590 810 in
608 756 752 811 latinitate
764 755 959 825 philosophica
972 757 1099 812 custodia

81 829 154 881 sicut
171 826 311 895 origenius
329 825 399 878 dicit
410 855 442 864 —
460 839 562 893 corpus
580 840 648 894 ergo
667 839 684 876 a
702 839 805 877 corona
823 824 1017 878 circumdandi
1034 827 1064 878 et
1082 841 1100 878 a

83 894 211 948 custodia
227 893 369 948 retinendi
386 893 489 946 dicitur
501 922 534 931 -
546 891 677 946 sumendi
695 890 792 945 oculus
805 891 841 944 ab
854 891 1005 958 oculendo,
1023 893 1099 945 auris

83 962 118 1016 ab
137 961 291 1015 hauriendo
310 959 440 1014 auditum
459 959 570 1012 dicitur.
599 960 699 1028 pectus
717 975 734 1010 a
751 957 947 1028 philosophica
957 959 1100 1014 latinitate

83 1046 147 1082 cum
165 1029 359 1082 additamento
377 1045 390 1080 s
408 1025 540 1080 scribitur
552 1042 587 1079 ex
600 1041 633 1079 eo
646 1026 723 1094 quod
736 1026 891 1093 spectat-
904 1027 1013 1080 secreta
1023 1027 1099 1081 unde

82 1097 229 1150 lucanus
266 1095 360 1150 uando
372 1112 403 1149 as
441 1095 535 1148 ectore
548 1092 666 1146 colitant
678 1093 864 1162 cogitationes
877 1093 926 1147 sed
937 1109 988 1148 nos
999 1097 1100 1163 pectus

83 1181 100 1218 a
121 1165 253 1234 pectinari
274 1179 290 1216 o
313 1163 387 1217 idest
432 1160 597 1215 iscemendo
621 1161 812 1230 cogitamenta
833 1161 908 1214 unde
930 1159 960 1214 in
983 1162 1102 1216 modum

82 1232 173 1310 pectis
195 1231 340 1285 cuiusdam
362 1231 448 1309 etiam
470 1227 619 1282 visibiliter
640 1228 809 1305 conpactum
820 1229 870 1306 'est
886 1229 962 1282 unde
980 1230 1009 1282 et
1045 1246 1100 1283 uae

83 1301 250 1421 issisti
266 1298 522 1434 ulinastri
536 1326 573 1442 ζ
587 1294 1103 1441 ξὲξῗὲἓ,ῑὲῑῗέῖὶῗίιὲἓῗῃξὲἰ

85 1434 186 1487 danter
208 1434 365 1487 exuberant
385 1432 546 1500 philosophi
569 1432 705 1484 virtutem
727 1434 757 1484 et
779 1446 891 1484 cursum
913 1432 979 1484 man
998 1433 1028 1485 et
1044 1434 1102 1500 pen

85 1501 259 1555 vocaverimt
275 1529 309 1538 -
326 1515 378 1567 per
399 1513 496 1551 omnes
514 1514 593 1552 casus
610 1513 743 1552 numeros
761 1513 867 1567 genera
883 1499 1051 1567 monoptota
1068 1529 1103 1538 —

86 1563 304 1622 est=ama1i-a
324 1566 447 1643 pellatae
458 1565 564 1618 sunt-
573 1564 629 1634 pei'i
638 1595 670 1603 -
681 1564 756 1631 quod
767 1581 875 1620 aeursu
885 1569 929 1619 est
939 1596 970 1605 -
980 1566 1058 1620 labia
1067 1583 1103 1620 ex

85 1635 182 1689 labore
212 1649 305 1700 oquen
339 1676 344 1686 .
375 1633 486 1687 Aeneas
503 1649 582 1686 meus
600 1648 683 1701 super
700 1648 803 1686 nomen
821 1633 899 1686 aliud
910 1633 1055 1711 intellegit
1066 1634 1103 1687 ob

85 1704 139 1756 hoc
161 1701 261 1770 inquid
282 1700 359 1756 labia
379 1700 529 1767 vocantur,
553 1701 620 1768 quia
642 1699 758 1754 cottidie
780 1717 832 1769 per
849 1701 937 1754 verba
953 1701 983 1753 in
1000 1701 1103 1754 vitium

86 1771 230 1824 labuntur.
254 1769 284 1824 la
304 1769 328 1822 is
346 1769 381 1822 de
393 1767 483 1837 lapsu.
513 1769 563 1821 sed
582 1767 666 1821 altius
683 1766 794 1835 lapides
808 1767 997 1837 -lampades
1014 1769 1103 1838 igitur

88 1787 328 1907 (?)accendunll1r
345 1835 420 1890 unde
439 1835 469 1889 et
485 1835 595 1904 lapides
612 1834 783 1912 preciosi-
801 1834 966 1903 splendore,
983 1851 1052 1889 saxa
1063 1836 1104 1890 in·

87 1907 183 1959 mania
201 1906 230 1959 et
247 1903 401 1957 inmobilia.
431 1905 515 1972 petra
532 1903 567 1957 de
584 1903 693 1956 duricia
710 1917 793 1956 omne
811 1903 887 1956 enim
904 1903 1006 1956 durum
1022 1905 1053 1957 et
1064 1904 1105 1958 in·

88 1974 234 2026 domatum
256 1972 332 2040 apud
354 1973 465 2025 veteres
486 1974 599 2039 petrum
616 1969 778 2028 vocabatur.
814 1970 890 2038 quod
907 1986 1104 2038 quaecumque

87 2055 191 2094 nomen
199 2041 233 2092 ut
244 2039 332 2092 verba
342 2039 496 2091 secundum
529 2038 751 2106 ropinquitatem
762 2053 819 2091 non
831 2038 994 2092 sonaverint
1005 2054 1105 2092 secun-

89 2108 157 2160 dum
179 2122 291 2159 sensum
314 2107 343 2158 et
365 2105 499 2158 consuetu
522 2105 528 2114 '
551 2121 580 2158 es
599 2104 800 2173 scripturarum
821 2105 1008 2175 intelligenda
1029 2108 1104 2159 sunt.

88 2173 1106 2315 isirinaa{trististristisarchieraticae

89 2308 138 2384 sed
157 2307 250 2374 spatia
267 2303 373 2382 uolunt.
387 2372 393 2384 Ι
402 2305 493 2375 gloria
510 2321 546 2360 ex
563 2321 596 2360 eo
615 2305 718 2359 dicitur
736 2307 803 2375 quia
814 2307 866 2361 alti
896 2307 981 2376 uique
994 2309 1028 2361 ut
1040 2309 1106 2362 sunt

89 2375 130 2427 dii
147 2373 223 2441 apud
255 2371 344 2426 hiloso
365 2373 395 2426 hi
407 2372 500 2441 glores
512 2373 651 2426 dlountur.
678 2373 727 2426 sed
740 2373 847 2427 cercius
858 2327 979 2444 gloriam
991 2391 1009 2428 a
1020 2375 1105 2443 glori-

89 2440 220 2495 flectione
234 2390 338 2518 laudis·
368 2441 458 2495 citur.
492 2441 546 2495 hoc
569 2440 714 2499 sciendum
731 2442 807 2509 quod
825 2441 919 2519 omnia
935 2458 1009 2509 pene
1028 2443 1104 2512 apud

90 2511 201 2564 veteres
220 2508 289 2563 ahat
311 2509 479 2564 dicebantur
497 2510 527 2562 et
543 2524 618 2562 nuno
635 2508 712 2577 apud
729 2523 779 2562 nos
797 2509 868 2562 ebat
883 2509 1035 2564 habentur.
1072 2527 1106 2564 ex

90 2575 191 2646 quibus
209 2578 252 2631 est
289 2576 362 2630 ratia
380 2593 466 2646 quam
483 2591 545 2630 esse
564 2575 682 2629 dicimus
700 2575 777 2644 quod
815 2577 882 2630 ratis
895 2577 925 2630 et
936 2576 995 2630 sine
1008 2578 1105 2654 precio

89 2646 150 2699 acci
170 2645 227 2723 itur
252 2595 296 2698 illi
322 2643 464 2712 gratulam
488 2643 622 2720 dicebant
644 2658 662 2722 a
683 2642 799 2722 gratula
811 2643 887 2710 'one‚
912 2659 964 2722 nos
987 2643 1106 2698 dicimus

88 2714 156 2766 brac
188 2729 234 2766 am
253 2728 288 2765 ex
305 2711 418 2767 bracho.
446 2710 592 2764 brachium
610 2725 685 2764 emm
702 2727 732 2763 in
749 2710 891 2765 latinitate
909 2711 1108 2781 philosophica

89 2780 227 2833 fortitudo
246 2779 356 2832 dicitur.
390 2777 432 2831 illi
454 2792 523 2832 vero
561 2776 747 2830 retentorium
766 2778 906 2833 vocabant
923 2778 959 2832 ab
979 2794 1013 2833 eo
1032 2779 1107 2846 qnod

90 2845 278 2914 protenditur.
314 2860 365 2899 nos
388 2845 505 2899 dicimus
549 2846 627 2899 entes
650 2844 726 2913 quod
749 2844 836 2900 edent
858 2847 890 2899 nt
906 2846 977 2899 dent
992 2845 1023 2899 lo
1044 2847 1108 2901 uele

91 2913 135 2967 est
161 2912 351 2966 fortationem.
390 2912 434 2965 illi
461 2911 584 2966 ruminos
606 2912 744 2966 vocarunt
765 2913 833 2990 quia
855 2914 970 2967 cunctos
992 2929 1025 2966 ro
1048 2913 1109 2966 'unt

91 2980 177 3035 eibos.
212 2982 321 3033 Aeneas
344 2979 443 3033 dentes
464 2980 611 3033 mandulas
634 2979 690 3032 dici
713 2979 813 3034 mehus
836 2980 990 3034 arbitratus
1013 2982 1057 3034 est
1074 2997 1109 3035 ex

91 3063 125 3102 eo
162 3046 219 3100 uod
236 3046 383 3100 mandunt.
420 3047 466 3101 hic
482 3047 559 3101 idem
576 3046 647 3099 mihi
664 3045 776 3100 dicebat
794 3063 858 3101 cum
876 3047 911 3101 ab
930 3062 964 3102 ec
982 3047 1110 3116 inquiror

91 3064 162 3183 quid
179 3114 252 3168 esset
269 3115 380 3170 natura.
417 3130 433 3168 o
451 3113 492 3167 iili
509 3115 592 3180 scito,
616 3113 692 3182 quod
710 3115 929 3183 uniuscuiusque
947 3114 989 3169 rei
1006 3116 1110 3169 natura

91 3213 125 3223 -
143 3180 255 3238 omnino
273 3181 422 3235 subsistere
440 3198 473 3236 ac
489 3183 585 3237 vivere
604 3210 637 3222 -
655 3182 721 3235 actu
738 3213 770 3221 -
788 3182 898 3236 natatu.

84 3374 175 3500 (mg
199 3367 421 3501 pollemnitatem
446 3367 481 3421 N
498 3369 545 3436 l3
572 3366 769 3421 habundancia
794 3367 829 3424 N
846 3369 857 3438 ΙΙ
877 3369 1057 3439 noncupatur
1081 3369 1115 3425 N

172 3451 220 3493 er·
393 3451 398 3458 .
