2436 3840
529 144 724 233 APPENDIX.

232 431 292 497 ΙΙΙ.
324 431 637 498 FRAGMENTUM
659 431 1016 498 MEDIOLANENSE.

190 608 243 650 HlO
268 607 433 651 SECUN'I'UR
454 608 673 672 ETHIMOLOGHJI
695 608 856 650 VIRGILIUS
879 608 1064 651 PRESBYTER

542 693 705 735 HISPANUS.

200 804 334 870 Caelum
376 805 492 869 dicitur
530 805 605 888 quia
638 805 794 889 quaedam
828 804 965 888 grandia
998 805 1137 870 archana

119 891 231 955 caelat.
269 889 538 972 philosophorum
560 890 746 973 peritissimi
761 895 880 954 uocant
897 889 999 954 altum
1015 891 1137 954 caelum

117 978 153 1039 ut
175 973 323 1037 diximus.
359 975 414 1039 sed
430 974 631 1039 altitudinem
647 980 679 1038 et
693 973 949 1058 profunditatem
965 996 1139 1059 numquam

118 1059 312 1142 significant.
355 1059 493 1142 denique
521 1081 609 1123 mare
637 1060 705 1123 siue
735 1058 888 1142 quicquid
910 1058 996 1122 infra
1018 1065 1140 1122 terram

91 1149 167 1208 aest
193 1145 335 1227 positum
364 1144 464 1208 altum
491 1145 684 1208 nominatur.
722 1145 806 1208 sicut
828 1165 924 1208 senex
952 1143 1062 1207 donon
1090 1144 1137 1207 in·

117 1249 228 1293 menso
263 1229 371 1292 dolore
405 1234 573 1312 superatus
607 1229 751 1312 corporei
785 1228 860 1293 mali
893 1232 1020 1292 noctem
1047 1227 1138 1291 uelut

117 1314 307 1397 longissima
333 1313 500 1378 fastidium
522 1314 710 1378 sustinens¹
734 1335 771 1378 ac
794 1313 890 1377 solito
913 1312 1138 1396 languentium

117 1419 207 1464 more
242 1399 327 1462 diem
360 1399 488 1462 euenire
522 1398 724 1481 desiderans,
761 1406 922 1481 tamquam
957 1398 984 1461 si
1018 1397 1139 1481 aliquid

116 1483 239 1566 requiei
262 1483 388 1565 corpori
409 1483 494 1546 foret
523 1483 690 1561 allaturus,
720 1482 778 1546 tali
805 1482 1015 1565 praedabatur
1042 1482 1139 1546 modo

80 1588 105 1629 ro
118 1569 262 1631 ‘obsecro
292 1587 351 1630 uos
379 1589 397 1629 o
426 1567 484 1629 alti
513 1567 704 1650 quicumque
731 1566 823 1646 estis,
855 1567 992 1630 emittite
1020 1566 1060 1630 ad
1087 1587 1139 1629 me

118 1652 219 1716 solem
248 1652 334 1715 intra
362 1650 486 1733 lucere,
516 1651 600 1715 diem
632 1652 781 1735 protinus
809 1651 1003 1715 allaturum'.
1041 1657 1138 1729 terra,

119 1758 156 1801 eo
191 1739 275 1820 quod
302 1737 438 1819 pedibus
470 1737 601 1813 teritur,
639 1737 695 1800 sed
726 1736 819 1800 aliter
848 1739 1031 1818 separatur,
1065 1736 1140 1818 quia

118 1844 155 1886 ra
181 1821 340 1907 portatrix
366 1824 403 1885 ut
431 1821 573 1904 genitrix
601 1821 635 1884 in
656 1821 759 1885 latino
781 1817 1010 1904 philosophicp.
1054 1820 1139 1883 unde

119 1928 218 1971 naues
241 1928 320 1990 quae
336 1910 469 1989 portant
483 1927 571 1970 raras
587 1906 745 1973 dicuntur.
773 1913 829 1968 'ter
844 1905 945 1987 igitur
959 1925 996 1968 ra
1012 1904 1139 1969 dicitur.

82 1993 223 2077 reprimo
253 1992 327 2074 quia
355 2013 394 2054 ex
417 2013 455 2054 ea
476 1991 649 2054 nascimur.
685 1990 770 2054 unde
793 2010 832 2053 ex
854 1989 952 2052 humo
975 1990 1072 2052 homo
1095 1989 1141 2052 di-

121 2077 215 2140 citur.
249 2075 389 2140 secundo
413 2075 488 2157 quia
510 2097 549 2138 ex
572 2075 640 2139 eius
654 2074 777 2139 fructus
793 2074 917 2140 alimur.
952 2073 1050 2137 tertio
1067 2073 1142 2156 quia

120 2162 156 2224 in
178 2181 248 2224 eam
271 2160 356 2223 laeto
380 2159 478 2222 soluti
498 2159 587 2222 uelut
601 2159 635 2222 in
654 2159 768 2223 matris
783 2158 913 2222 uuluam
929 2158 1140 2221 recondimur.

120 2266 209 2308 mare
231 2244 271 2307 ab
294 2242 508 2306 amaritudine
531 2243 661 2315 dicitur,
690 2245 730 2308 ab
753 2242 880 2307 hebreis
904 2263 1058 2325 aquarum
1080 2242 1143 2307 eol-

121 2329 236 2393 lectus.
256 2349 275 2391 a
297 2327 499 2410 philosophis
522 2349 561 2391 ex
584 2328 705 2392 duobus
729 2329 934 2411 componitur
949 2328 1039 2391 uelut
1054 2349 1143 2411 mag-

83 2433 239 2477 sonares.
274 2412 356 2475 nulli
371 2411 553 2476 mortalium
574 2419 662 2476 ncta.
700 2413 794 2476 stella
816 2412 1019 2480 destillando.
1056 2417 1142 2476 astra

122 2498 161 2561 de
195 2497 370 2561 uariaetate
399 2498 525 2581 picture
553 2501 638 2561 aster
671 2498 789 2580 quippe
820 2496 904 2579 apud
932 2496 1143 2580 philosophos

121 2583 227 2667 pictor
250 2581 375 2647 dicitur.
409 2582 490 2646 situs
511 2582 549 2646 de
571 2583 635 2646 situ
656 2582 780 2645 altiore.
820 2580 949 2645 uolucer
977 2604 998 2645 a
1024 2582 1143 2646 ueloci-

121 2671 199 2732 tate.
237 2668 307 2731 auis
336 2667 376 2731 ab
406 2667 487 2731 auiis
515 2666 576 2730 hoe
608 2673 657 2730 est
690 2664 823 2730 desertis
851 2665 941 2735 loeis,
974 2667 1078 2730 bestia
1105 2667 1144 2729 de

122 2752 214 2834 besu,
252 2752 315 2816 hoc
345 2755 394 2816 est
428 2751 606 2815 ferocitate.
649 2750 744 2814 belua
771 2750 896 2814 marina
923 2750 1049 2815 dicitur.
1092 2750 1145 2814 bel

84 2860 110 2900 aa
125 2837 211 2900 enim
246 2858 333 2900 mare
364 2858 383 2900 a
415 2835 617 2919 philosophis
652 2839 796 2899 uocatur.
846 2855 920 2900 caro
957 2857 976 2899 a
1011 2835 1144 2900 caritate

125 2920 497 3070 tttttttrttt
524 2919 839 3070 trauntur
854 2921 1145 3088 llllrtlalilltl

126 3110 239 3173 corpus
268 3089 399 3167 dieitur,
428 3090 654 3173 requirendum
677 3092 738 3166 est,
766 3087 852 3152 unde
873 3091 1054 3173 appellatur
1072 3112 1143 3172 pus.

125 3196 186 3259 pus
207 3175 243 3238 in
265 3173 427 3238 latinitate
450 3174 675 3258 philosophica
698 3173 851 3240 custodia.
884 3175 968 3239 sicut
982 3174 1144 3259 origenius

87 3284 113 3325 ao
127 3259 206 3323 dicit
227 3258 352 3342 ‘positis
374 3259 410 3322 in
427 3281 506 3342 pure
528 3260 682 3324 fratribus
696 3260 783 3324 solus
798 3258 924 3323 euasit'.
962 3260 1023 3323 hoo
1046 3260 1096 3321 cst
1110 3259 1145 3322 in

127 3365 262 3408 carcere.
302 3364 416 3426 corpus
445 3365 523 3425 ergo
552 3367 571 3408 a
594 3365 712 3409 corona
733 3342 968 3424 circumdandi,
994 3346 1027 3407 et
1049 3364 1068 3405 a
1092 3364 1144 3408 cu·

126 3429 229 3492 stodia
256 3429 419 3494 retinendi
441 3429 567 3492 dicitur.
611 3440 706 3513 eaput
734 3451 753 3493 a
782 3428 958 3512 capacitate
986 3429 1145 3492 sumendi.
