2436 3840
126 180 167 245 72
356 177 511 234 VIRGILII
529 176 693 232 MARONIS
711 175 909 233 EPITOMAE.

125 331 214 395 ribus
236 353 255 395 a
276 352 333 395 suo
355 333 440 395 statu
461 330 586 395 moueri
601 351 666 395 non
680 332 825 414 possunt.
862 332 912 393 est
926 329 1144 413 participium,

126 414 211 499 quod
233 415 328 481 Cato
351 417 385 479 in
408 415 543 480 uerbum
564 415 740 479 transferre
763 415 886 479 solebat
908 414 999 477 uerbi
1021 415 1147 480 scilicet

124 500 245 583 passini
268 500 422 582 temporis
444 501 608 583 praeteriti
630 499 760 564 utillud
779 499 924 564 omnibns
935 499 1040 580 fratre
1050 505 1148 582 patre

124 589 227 650 matre
254 586 383 666 caniapc
410 586 540 666 reliquis
566 586 751 650 necessariis
773 603 896 666 proque
923 603 1018 648 caras
1037 585 1145 665 falcra

98 669 241 749 esaeias,
270 671 355 751 quod
382 671 492 733 tamen
521 691 587 733 non
617 669 760 734 licuisset
788 669 818 731 ei
845 669 968 748 facere,
997 669 1061 732 nisi
1083 668 1145 734 hoc

124 754 330 836 participium
345 754 446 818 totius
461 753 642 818 testimonii
658 753 850 818 sententiam
866 752 1037 816 clauderet.
1061 774 1144 817 non·

123 837 205 901 nulli
227 837 289 902 hoc
310 839 498 922 ignorantes
520 843 565 902 est
585 842 715 903 sumunt
730 837 875 920 aliunde,
898 836 983 920 quod
998 836 1082 902 sicut
1097 839 1144 902 eis

124 921 255 985 omnino
282 922 388 987 tacere
410 921 592 1002 nonlicet,
622 923 669 985 ita
691 922 763 986 aliis
785 921 914 1005 quidem
935 922 1144 1018 participium

122 1005 298 1071 transferre
325 1008 361 1071 in
387 1006 521 1071 uerbum
554 1007 673 1090 absque
708 1027 745 1071 co
779 1027 842 1089 quo
876 1006 1014 1070 dixrmus
1046 1007 1144 1073 modo

85 1105 111 1147 10
123 1111 308 1174 peruersum
331 1095 363 1156 et
383 1091 607 1157 indecorosum
629 1095 687 1156 est.

425 1294 503 1379 (10.)
527 1292 576 1357 De
599 1292 838 1357 coniunctione.

208 1426 303 1492 Nunc
325 1427 366 1491 de
382 1428 607 1492 coniunctione
622 1426 787 1510 aliquanta
801 1425 955 1490 dicamus.
989 1425 1142 1492 uidentur

122 1509 201 1574 mibi
224 1511 468 1576 coniunctiones
491 1531 602 1574 omnes
631 1511 795 1574 cuiusdam
816 1514 950 1576 catenae
971 1512 1023 1574 uel
1044 1513 1143 1576 nexui

121 1595 225 1657 uicem
241 1598 385 1678 exsequi,
402 1595 487 1679 quod
504 1616 615 1659 omnes
630 1596 807 1659 sententias
824 1598 1009 1660 annectant.
1030 1598 1142 1661 tamen

120 1672 297 1743 nonnullae
325 1701 364 1744 ex
392 1683 438 1744 eis
466 1700 613 1763 separare
642 1680 792 1744 dicuntur
819 1683 855 1744 ut
884 1685 988 1744 antem
1010 1683 1044 1744 et
1065 1702 1142 1747 acro

83 1784 108 1826 a
121 1763 168 1828 ita
197 1765 381 1848 dumtaxat,
410 1765 437 1829 si
464 1765 499 1828 in
521 1765 680 1848 principio
704 1764 852 1828 dictionis
874 1764 981 1847 posita
1002 1765 1140 1849 fuerint;

121 1847 155 1911 in
178 1849 290 1913 mediis
313 1854 419 1914 autern
442 1849 634 1913 dictionibus
654 1870 712 1932 pro
729 1848 921 1933 copulatiuis
936 1849 1142 1913 habebuntur

120 1932 203 1997 sicut
231 1935 387 1998 Aeneas
421 1934 591 2017 conposuit
623 1954 695 1998 cnm
721 1934 828 2014 itaque
855 1934 892 1998 in
919 1934 1040 1999 theatro
1067 1954 1142 1999 can-

118 2019 278 2083 nonissent
296 2019 448 2116 maltiqnc
468 2019 732 2118 conflictarentur,
748 2018 895 2083 ncnnnili
910 2023 1016 2083 antem
1030 2019 1143 2085 sedare

80 2104 268 2263 ,ttaltl
290 2103 1142 2268 ansillniltltnnmmamnm

119 2269 311 2334 discordiam
338 2270 438 2334 sabito
467 2272 599 2336 tenebris
626 2272 727 2336 media
756 2273 876 2354 affnsas
904 2272 954 2336 die
986 2273 1023 2336 in
1050 2292 1142 2338 mare

118 2353 205 2418 natat
238 2355 485 2420 munitissimam
512 2356 617 2421 arbem
646 2356 771 2438 nesapit.
815 2355 868 2420 hic
895 2356 981 2420 enim
1009 2358 1140 2439 praeter

118 2438 226 2518 itaane
253 2441 358 2503 cetera
386 2445 457 2504 trea
483 2439 560 2504 fona
580 2440 614 2504 id
636 2445 685 2504 est
706 2461 765 2523 qne
787 2445 892 2506 antem
912 2460 987 2504 acro
1010 2441 1140 2524 copula·

118 2521 187 2586 tiua
209 2523 304 2587 simul
326 2523 464 2588 suntad
486 2525 666 2607 praeterita.
702 2524 863 2606 expletiua
876 2527 983 2589 autem
1002 2525 1083 2590 duas
1098 2526 1141 2590 ob

79 2621 104 2663 2⁵
119 2627 231 2672 causas
253 2609 300 2674 sic
322 2612 496 2687 uocantur,
519 2610 658 2693 primum
674 2608 760 2692 quod
776 2630 904 2672 sensum
919 2608 1070 2674 dictionis
1087 2631 1138 2674 ex-

115 2692 1140 2862 litantlt,tttittttttt‘’attittttlittttitt

186 2999 197 3045 1
222 2995 358 3061 possunt·
373 2995 437 3049 finit
459 2996 493 3050 N
511 3001 600 3052 catera
622 2996 722 3051 anmi
737 2997 748 3064 l
764 2997 809 3052 af.
832 3014 890 3050 nun
912 2995 998 3050 nullis
1019 2996 1058 3050 Ρί
1076 2998 1087 3064 fl
1106 3002 1134 3050 11

116 3094 350 3148 nunc-dicamus
372 3110 423 3149 am.
441 3095 475 3150 N
489 3098 499 3164 ll
518 3101 549 3149 12
570 3075 687 3150 nexui⁸⁰
703 3097 737 3151 N
750 3098 805 3166 1113
823 3077 958 3152 affectant
974 3097 1009 3152 N
1022 3099 1032 3165 l
1047 3102 1079 3152 15
1096 3099 1140 3152 ita

116 3161 264 3216 dumtaxat
280 3176 332 3217 om.
351 3162 385 3218 N
394 3165 403 3230 l
418 3168 448 3216 16
466 3163 605 3240 habentur
621 3163 656 3218 N
664 3165 674 3233 l
690 3171 719 3219 17
737 3166 830 3218 teatro
847 3165 898 3235 Pl
912 3171 1012 3220 1‘1—24
1029 3165 1137 3220 amt-

114 3263 448 3332 praeseminans
467 3243 741 3327 constituentur?
753 3267 763 3343 p
775 3264 893 3321 nonnuli
904 3268 932 3321 P
944 3267 955 3335 l
967 3271 1001 3320 eo
1012 3267 1137 3336 rmum]

113 3332 178 3398 font.
190 3332 299 3386 tantam
312 3333 322 3400 {l
335 3338 367 3385 23
385 3346 458 3397 quae
474 3332 502 3384 P
513 3332 523 3399 ΙΙ
536 3338 569 3386 24
585 3331 621 3385 ad
638 3334 802 3404 praetenta]
820 3334 942 3402 petestia
958 3335 987 3389 P
999 3334 1009 3402 l
1022 3333 1136 3402 explec-

113 3397 174 3475 tiva
185 3399 222 3464 P,
242 3399 401 3466 expletivae
413 3398 447 3452 N
455 3399 466 3466 l
478 3403 510 3452 25
522 3400 640 3454 vocatur
652 3401 680 3453 P
691 3402 701 3469 l
714 3400 829 3470 expleat
840 3401 875 3468 P,
892 3401 1027 3470 expleant
1040 3400 1138 3472 (exple

102 3479 137 3514 m
152 3470 226 3530 raa)
241 3465 282 3519 N
284 3467 301 3533 ll
311 3473 345 3522 26
363 3466 519 3522 obteneant
534 3466 596 3521 ΡΝ
600 3470 618 3525 ¹.
