2436 3840
116 173 177 236 122
352 170 506 226 VIRGILII
527 170 694 226 MARONIS
712 169 924 229 EPISTOLAE.

115 347 182 389 esse
212 329 244 389 et
272 325 319 389 sio
347 323 573 388 declinandum
602 325 686 388 60606
707 324 768 388 mei
789 323 842 387 uel
864 325 924 388 mis
946 324 1026 388 60666
1049 344 1098 389 me
1122 347 1139 390 0

115 433 136 475 0
151 431 208 474 me.
244 410 358 492 quibus
375 408 578 492 Galbungi
599 408 760 471 auditores
776 428 793 470 e
809 406 934 470 diuerso
949 408 1138 473 resistentes

28 514 37 531 s
116 494 267 558 dicebant
287 496 317 558 sc'
337 495 385 557 660
408 498 464 570 est,
487 513 544 557 606
564 512 630 556 aaa
650 494 745 556 etiam
760 492 885 574 plurali
904 511 1035 557 numero
1057 494 1138 558 66666-

114 599 228 644 raram
255 582 403 643 sanabo
430 578 521 659 ordo,
549 578 603 641 sed
628 579 673 641 666
693 577 870 641 declinator
892 597 949 641 aos
969 579 1138 642 nostram?

88 663 258 747 solioquin
292 662 393 725 multa
420 661 589 725 admodum
617 664 707 739 sunt,
742 681 823 745 quae
860 681 933 724 oum
970 661 1137 726 literarum

115 747 259 811 ordinem
283 747 391 830 (non)
413 748 557 828 seruent,
581 766 676 809 sensu
696 749 807 809 tamen
821 746 1044 829 sententiaque
1060 767 1137 810 con-

116 831 281 895 uenientia
303 852 371 895 esse
394 852 461 894 non
484 830 681 894 dubitantur.
714 830 811 893 simili
826 850 903 915 ergo
918 831 1012 893 modo
1027 830 1138 894 defen·

116 915 256 980 dendum
285 919 334 979 est
362 914 424 979 hoe
457 936 634 998 pronomen
663 915 725 978 rite
760 917 797 978 ut
824 916 867 978 sit
900 915 1136 994 declinandum,

116 1002 200 1064 siout
239 1000 370 1082 plurimi
408 1001 593 1082 reciperunt
634 1020 686 1082 epo
719 1001 781 1063 mei
814 1002 846 1062 et
879 999 1046 1081 pluraliter
1077 1020 1138 1065 nos

77 1103 103 1141 10
115 1089 266 1149 00666006.

201 1165 303 1243 Quam
332 1169 550 1251 quaestionem
580 1189 651 1231 oum
679 1168 719 1230 ad
747 1189 852 1230 meum
876 1172 1045 1231 Aeneam
1072 1173 1138 1232 ret

114 1253 275 1334 tulissem,
303 1274 339 1316 ae
367 1253 490 1316 diutina
518 1251 579 1316 diei
607 1252 711 1337 gande
740 1252 778 1314 de
807 1251 868 1316 hac
896 1253 1005 1316 eadem
1033 1253 1138 1318 multa

115 1338 326 1419 uoluerimus,
358 1337 399 1401 ad
427 1340 603 1401 extremum
626 1339 672 1400 ita
694 1335 822 1419 intulit,
851 1337 935 1420 quod
959 1338 1138 1401 secundum

117 1421 318 1505 Galbungi
344 1442 536 1504 suorumque
564 1421 758 1485 sententiam
780 1423 865 1485 00600
885 1423 947 1486 met
968 1423 1048 1485 00666
1069 1443 1137 1486 rec·

78 1522 103 1561 15
116 1507 239 1569 tissime
268 1504 428 1568 scribitur.
474 1526 584 1568 uerum
614 1527 666 1588 690
695 1505 778 1568 66606
805 1525 942 1587 aequam
970 1510 1002 1569 66
1030 1511 1138 1570 cetera

117 1590 351 1653 declinamenta
379 1610 437 1672 per
462 1610 573 1652 omnes
602 1610 710 1654 cassus
738 1611 836 1652 unam
863 1594 990 1654 tantum
1018 1590 1138 1655 habere

117 1673 365 1738 declinationem
392 1674 494 1737 multa
522 1677 687 1738 auctorum
714 1673 851 1737 lectione
874 1674 1139 1739 indubitabilium

117 1760 246 1823 eredere
281 1758 492 1841 conpellimur
520 1757 695 1823 Seruilio
727 1759 899 1823 scribente:
939 1780 1054 1842 apram
1082 1781 1138 1843 690

115 1849 308 1927 rapuerant,
340 1843 403 1907 hoc
430 1847 479 1907 cst
507 1843 612 1907 dicere
640 1845 702 1908 0666
729 1865 844 1926 aprum
871 1849 1058 1926 rapuerant.
1105 1849 1140 1909 et

79 1946 105 1986 20
118 1929 233 1993 iterum
257 1929 491 2012 Galbungus
521 1927 651 2011 quidam
680 1931 851 1992 ueteranus
873 1928 907 1992 in
930 1928 1041 1994 Indiae
1063 1950 1138 2011 par-

117 2014 204 2078 tibus
233 2013 442 2093 oonstitutus,
472 2013 506 2074 in
536 2012 679 2076 clausula
701 2012 866 2076 cuiusdam
889 2015 938 2077 sui
961 2014 1066 2096 operis
1089 2015 1139 2079 sic

115 2097 219 2161 fatur:
241 2118 320 2162 aum
342 2117 395 2178 690
417 2096 570 2174 debitam,
592 2097 655 2178 fili,
675 2097 848 2177 fraudabis
869 2098 1060 2163 mercedem?
1082 2119 1138 2180 690

117 2204 175 2264 pro
207 2182 286 2246 06666
315 2180 434 2263 posuit.
484 2178 681 2265 Virgilius
716 2202 843 2265 quoque
872 2183 1068 2246 Assianus
1101 2184 1139 2246 in

118 2271 231 2349 quarto
254 2264 501 2347 dispositionum
524 2263 559 2327 in
582 2265 715 2348 genesin
733 2266 874 2329 hominis
889 2266 972 2331 libro
988 2267 1034 2330 sio
1048 2267 1138 2331 infit:

79 2364 107 2406 2⁵
120 2351 192 2431 pais
213 2369 266 2432 690
288 2349 442 2430 coadidit,
465 2352 502 2412 06
521 2350 567 2414 sic
580 2349 700 2414 essem?
721 2350 782 2413 hoc
797 2349 890 2414 dicit:
913 2353 986 2432 qais
1000 2371 1049 2417 me
1064 2371 1137 2416 eoa-

116 2433 220 2498 dida't?
257 2432 410 2498 Sarbon
439 2453 565 2516 000006
587 2438 678 2517 pater
702 2433 849 2519 Glengi
871 2435 905 2498 in
928 2434 1063 2519 Rigadis
1084 2457 1137 2500 re-

184 2661 208 2708 b.
231 2653 302 2708 Eae.
325 2652 610 2721 Bera.p.194,28:
639 2651 745 2706 Verum
769 2668 877 2774 60086..
899 2694 905 2706 .
926 2695 933 2709 .
956 2669 1057 2722 agrum
1078 2654 1137 2708 mei

116 2723 271 2790 rapuerunt
288 2721 338 2789 (ad
355 2722 532 2775 6006106006
543 2720 647 2774 Petrus
663 2718 771 2774 Daniel
870 2736 915 2774 mo
933 2721 994 2789 9606
1010 2721 1137 2789 0660669-

115 2790 167 2844 sit:
192 2789 226 2841 In
242 2788 292 2841 lib.
310 2787 411 2841 Aurati
429 2787 468 2841 666
484 2787 621 2841 habetur:
640 2786 765 2841 Fuerunt
782 2788 898 2856 quidam
917 2788 966 2857 qui
983 2787 1138 2842 voluerunt

116 2855 237 2910 scribere
262 2871 315 2924 ego
359 2869 494 2909 nonomen
510 2855 587 2908 inter
603 2856 771 2923 pronomina
788 2857 822 2909 06
838 2872 890 2925 pro
909 2856 986 2910 omni
1005 2871 1072 2908 0060
1090 2871 1136 2909 ao·

116 2922 260 2991 ciperetur
277 2873 356 2976 sicuij
366 2922 408 2976 fas
426 2921 506 2976 nefas
523 2939 646 2990 nequam
658 2921 774 2991 quidam
787 2939 838 2992 pro
851 2939 905 2992 ego
916 2924 990 2977 mins
1002 2923 1139 2977 dicebant

115 2989 291 3048 nominativo
310 2990 367 3043 mei
383 2989 516 3060 genetivo
535 2988 654 3045 Servilio
673 2991 761 3044 teste:
779 3008 878 3061 agrum
897 3007 951 3059 600
969 2993 1136 3059 rapuerunt,

116 3058 169 3112 hoc
196 3058 240 3110 666
265 3056 371 3111 dicere:
399 3073 499 3126 agrum
526 3057 582 3111 mei
607 3074 659 3127 pro
686 3058 827 3128 genitiv03
857 3058 993 3128 Virgilius
1020 3075 1136 3126 quoque

116 3126 250 3179 Asianus:
269 3123 331 3191 quis
350 3140 402 3194 600
421 3123 550 3179 condidit
566 3127 600 3179 ut
616 3125 655 3180 sic
673 3141 762 3181 essem
780 3143 832 3195 pro
849 3125 913 3196 quis
931 3128 996 3196 me).

184 3335 200 3382 3
217 3328 273 3381 6660
284 3326 325 3404 Ι16
337 3328 380 3405 116
399 3341 456 3380 non
473 3327 593 3396 06666118
631 3343 729 3382 romen
747 3329 781 3384 Ν
789 3329 878 3398 {ttrite
897 3328 932 3382 N
944 3330 999 3398 1112
1018 3308 1137 3396 diutina,

115 3412 150 3474 00
166 3395 219 3475 le
232 3401 264 3473 10
282 3396 323 3448 660
339 3396 382 3448 660
398 3395 432 3449 N
464 3399 496 3448 14
513 3345 637 3475 messii
655 3413 689 3450 ea
705 3397 726 3459 i)
744 3397 778 3452 N
786 3399 796 3465 ΙΙ
809 3404 842 3451 20
857 3395 938 3474 india
954 3396 1051 3518 160001
1070 3411 1137 3474 000-

116 3464 222 3516 strtutrs
241 3467 262 3532 (1
273 3479 307 3518 606
319 3463 400 3531 corr.)
461 3463 471 3531 l
483 3468 516 3515 22
535 3462 663 3518 dubrtam
675 3465 709 3519 N
717 3465 727 3533 ΙΙ
740 3471 772 3519 23
784 3481 866 3533 posur
877 3463 912 3517 N
920 3465 930 3533 ll
943 3469 976 3518 26
1014 3464 1085 3532 lmgn
1097 3463 1137 3520 N.
