2436 3840
114 165 184 231 '136
350 160 506 217 VIRGILII
523 160 687 216 MARONIS
705 160 913 216 EPISTOLAE.

121 316 234 381 studiis
268 315 337 378 nati
367 315 574 398 educatique,
609 318 646 378 ut
674 314 850 397 sapientiae
878 314 980 397 ipsius
1009 336 1146 381 consue-

121 401 266 465 tudinem
287 398 396 463 fideles
421 399 524 463 adhuc
546 398 740 481 retinerent,
764 399 910 463 uidentes
932 399 1144 465 ecclesiastici

61 546 75 565 0
122 485 269 550 doctores
297 505 365 547 non
387 483 529 567 potuisse
551 505 606 548 eos
628 484 670 547 ab
692 484 755 547 hac
777 505 873 566 quam
896 488 1070 567 coeperant
1093 485 1143 549 in-

118 569 264 634 tentione
294 567 427 651 deuelli,
459 567 553 633 simul
587 568 682 632 etiam
713 568 788 652 quia
814 568 953 632 maxima
980 590 1018 632 ex
1046 575 1143 652 parte

93 654 306 738 reloquentes
336 652 399 716 uiri
428 652 466 716 ad
502 651 715 735 conponenda
747 652 951 736 ornandaque
978 656 1141 738 (scripta)

120 742 228 802 essent
254 736 380 801 celestis
403 742 436 801 et
458 735 586 801 diuinae
608 737 784 820 sapientiae
809 736 984 820 profuturi,
1014 759 1039 800 sr
1062 759 1140 804 con-

119 823 204 887 uersi
233 822 273 886 ad
294 820 470 885 Dominum
499 825 532 885 et
559 821 593 885 in
617 843 674 885 sua
703 822 885 905 eloquentia
911 826 1141 905 permanentes

117 928 220 990 praua
253 906 292 969 ad
332 909 421 970 recta
454 905 558 969 studia
590 909 770 988 uerterent,
806 905 868 970 hoc
902 907 1140 971 consultissime

119 994 319 1070 statuerumt,
343 995 379 1054 ut
401 990 524 1054 duabus
546 990 687 1054 librariis
703 991 893 1073 conpositis,
916 1012 980 1055 una
993 990 1139 1056 fidelium

80 1099 105 1138 ιο
119 1073 383 1158 philosophorum
411 1074 509 1139 libros
543 1078 576 1138 et
604 1075 704 1138 altera
726 1074 896 1159 gentilium
919 1075 1040 1158 scripta
1061 1097 1139 1141 con-

119 1160 252 1240 tineret,
283 1180 324 1222 ne
351 1159 497 1223 fidelibus
526 1159 668 1223 infidelia
698 1160 932 1224 conmiscentes
961 1160 1051 1223 nulla
1074 1160 1139 1224 dis·

119 1245 217 1308 cretio
246 1244 332 1308 inter
359 1243 479 1307 munda
505 1243 596 1308 fieret
618 1248 651 1308 et
671 1243 840 1328 inmunda,
871 1247 907 1308 ut
928 1244 956 1307 si
979 1245 1048 1327 quis
1071 1245 1137 1309 uel-

117 1329 163 1393 let
190 1328 323 1412 gentilis
351 1329 471 1412 legere,
501 1332 624 1392 semota
652 1327 795 1392 haberet.
833 1327 888 1392 sed
910 1327 989 1393 haec
1012 1329 1050 1393 de
1072 1329 1138 1393 hiis

117 1413 194 1477 satis
217 1413 291 1476 sint.

79 1520 104 1560 is
201 1495 298 1560 Nunc
328 1495 366 1558 de
388 1495 583 1559 formatione
606 1497 713 1577 uerbi,
743 1518 838 1580 quam
861 1496 1033 1562 secundam
1056 1497 1138 1562 dixi·

117 1601 187 1644 mus
210 1583 350 1662 partem,
373 1600 476 1662 pauca
498 1578 629 1644 fatenda
651 1584 737 1645 sunt.
773 1581 922 1645 formatio
945 1586 994 1646 est
1016 1603 1081 1665 qua
1101 1583 1139 1646 in

116 1663 238 1727 formas
275 1664 374 1727 uerba
411 1685 595 1728 censeamus
631 1664 827 1730 inclinanda.
876 1667 998 1730 formae
1028 1670 1137 1731 autem

117 1749 235 1813 usitate
264 1751 417 1833 quattuor
445 1769 514 1812 esse
543 1749 705 1814 dicuntur:
736 1750 791 1814 sed
814 1749 895 1814 mihi
917 1772 985 1815 esse
1008 1750 1138 1815 uidetur

117 1833 329 1916 contrarium,
360 1834 387 1897 si
415 1833 519 1898 forma
547 1834 671 1899 dicatur
698 1835 755 1899 illa
782 1834 1005 1899 declinationis
1033 1835 1136 1900 totius

77 1942 103 1982 so
115 1919 284 2003 perfecti0,
321 1939 393 1983 eum
421 1918 525 1982 forma
552 1940 619 1983 non
648 1918 688 1982 ad
718 1919 981 1998 declinationem,
1011 1919 1065 1983 sed
1095 1921 1136 1984 ad

117 2002 279 2100 quandam
307 2003 525 2067 similitudinis
554 2003 745 2067 diriuatiuae
774 2004 1041 2088 imaginationem
1063 2026 1136 2087 per-

114 2093 218 2164 tmere
242 2086 399 2152 credenda
421 2090 480 2150 est.
517 2085 638 2150 formae
661 2107 737 2170 ergo
760 2091 836 2152 sunt
858 2088 1021 2152 euidentes
1036 2092 1135 2172 atque

115 2172 269 2252 usitatae,
294 2192 427 2253 quarum
449 2170 554 2252 prima
575 2169 811 2254 frequentatiua
825 2174 1023 2254 nominatur;
1047 2173 1135 2256 quod

115 2257 149 2318 in
165 2254 372 2337 Galbungi
394 2253 479 2318 scola
501 2254 583 2317 sumi
605 2275 671 2318 non
696 2259 765 2319 erat
785 2257 934 2338 solitum,
958 2257 1012 2321 sed
1027 2258 1133 2343 magis

75 2362 101 2403 as
115 2338 307 2402 adiectiuam
330 2338 434 2401 dicere
454 2342 668 2422 consuerunt,
693 2339 834 2405 dicentes
856 2362 925 2405 eam
944 2363 1011 2406 non
1030 2342 1134 2408 literis

114 2422 224 2505 modo,
249 2443 361 2486 uerum
383 2421 479 2486 etiam
502 2423 649 2488 sensibus
671 2425 871 2489 adiciendam
888 2447 964 2490 esse.
1002 2426 1133 2509 quidam

113 2527 182 2571 non
215 2507 407 2571 adiectiuam
440 2507 495 2573 sed
529 2508 794 2574 accumulatiuam
824 2511 1025 2574 uocitarunt:
1058 2531 1131 2575 cum

114 2592 200 2656 enim
230 2591 309 2656 dicis
337 2594 457 2675 uiuido,
486 2592 547 2656 hoc
572 2593 719 2678 intellegi
741 2595 813 2678 das,
843 2596 936 2678 quasi
958 2594 990 2659 id
1013 2595 1133 2660 dixeris

113 2679 216 2759 acopis
243 2698 281 2744 uc
309 2678 411 2759 acopis
437 2679 540 2741 uinco.
578 2680 653 2741 sunt
682 2679 737 2760 qui
764 2678 1005 2762 frequentatiua
1026 2681 1133 2744 forma

73 2788 99 2829 ao
113 2762 160 2826 sic
181 2766 333 2842 utuntur,
357 2761 385 2824 si
406 2761 491 2825 idem
513 2762 647 2826 uerbum
668 2762 784 2828 iterato
805 2764 943 2828 scribere
959 2764 1133 2830 uoluerunt

112 2850 150 2909 ut
170 2848 263 2911 alueo
285 2847 395 2910 alueo:
418 2844 503 2929 quod
522 2846 651 2928 quidam
667 2850 760 2929 turpe
775 2850 943 2930 putantes,
966 2849 994 2912 si
1008 2851 1132 2913 utrum-

113 2949 174 3012 que
197 2930 329 2994 uerbum
352 2930 512 3015 integrum
536 2931 694 3011 scribent,
723 2931 816 2996 foede
838 2936 948 2997 tamen
970 2932 1131 2997 scribendi

111 3013 174 3077 hoc
202 3014 407 3080 moderantur
434 3013 529 3079 modo
558 3014 700 3080 diceutes
726 3017 871 3083 sinciaco
893 3022 925 3082 et
947 3018 982 3082 in
1004 3023 1130 3101 praete·

181 3222 194 3268 1
214 3216 380 3286 edocatique
398 3217 432 3271 N
445 3217 484 3284 115
501 3217 606 3284 scripta
623 3231 672 3272 orn.
691 3218 725 3272 N
738 3220 776 3288 18
793 3235 882 3288 prava
900 3218 1027 3287 11111119
1044 3218 1131 3273 libra-

109 3316 158 3370 aa
175 3316 252 3386 nar,
271 3317 351 3371 uera
368 3317 402 3396 a(
421 3319 425 3384 l
444 3323 474 3369 11
493 3316 619 3371 nesano
636 3319 689 3387 11
705 3327 734 3372 ιι
753 3288 859 3373 iluna
876 3321 934 3390 11
955 3327 984 3375 13
1003 3319 1117 3389 gentilis

110 3385 323 3506 ξὲ181111111ὲ111ἑονῇ
328 3384 398 3505 ,Mae
410 3387 415 3453 1
434 3385 543 3439 semoto
554 3385 588 3440 N
598 3387 607 3454 1
621 3393 652 3441 17
669 3387 833 3443 inclinenda
842 3387 877 3441 N
886 3391 895 3457 1
909 3394 941 3443 20
953 3387 1060 3441 formae
1072 3386 1108 3442 N
1115 3390 1119 3453 Ι
