2436 3840
114 180 175 244 172
342 177 496 232 VIRGILII
514 176 678 232 MARONIS
697 176 907 233 EPISTOLAE.

200 329 288 396 Scire
318 334 350 395 et
371 329 433 395 hoo
455 330 619 409 debemus,
649 331 736 414 quod
758 330 1001 395 coniunctiones
1025 351 1140 397 omnes

114 425 168 480 aut
191 415 429 500 praepositiuae
450 419 506 478 aut
526 416 751 480 subiunctiuae
771 418 827 478 aut
847 435 1036 480 communes
1051 421 1139 482 sunt.

114 503 191 565 sunt
214 501 312 564 etiam
335 520 416 582 quae
438 499 558 563 nullius
580 500 710 566 ordinis,
740 503 816 563 sunt
836 500 1089 583 praepositione:
1113 507 1142 568 et

114 590 149 650 ot
169 588 198 651 si
228 586 381 667 quoniam
408 605 446 648 ao
467 589 561 665 atque
577 604 676 667 porro
699 588 832 650 ceterum
859 605 951 650 ceros.
986 584 1141 651 subiunc-

88 671 216 734 ⁵tiuaez
246 674 350 734 autem
378 688 469 750 aero,
498 689 557 750 que
583 670 698 734 seilicet
725 677 757 734 et
785 673 898 733 cetera.
933 689 1140 735 communes:

114 775 186 837 erpo
213 755 282 819 ideo
310 755 434 836 itaque,
460 754 577 818 ideireo
601 755 716 837 periton
737 755 887 836 proinde,
915 755 1000 837 epita
1028 756 1141 840 ipitius,

114 859 182 920 que.
215 838 334 902 nullius
357 838 477 902 ordinis
500 840 592 902 sunt:
614 840 728 904 iterum
744 839 909 921 paulatim
922 839 1048 922 salttum
1071 861 1142 905 non

116 924 202 987 enim
231 922 272 985 ad
301 922 446 986 ordinem
474 923 641 1004 dictionis,
670 923 725 987 sed
748 922 789 987 ad
812 922 1002 1006 qualitatem
1025 945 1142 989 sensus

116 1010 266 1071 attinent.

77 1110 102 1149 1⁰
200 1090 325 1155 Possim
353 1091 482 1175 quidem
512 1090 551 1155 de
578 1091 806 1156 coniunctione
834 1091 932 1175 paulo
954 1091 1053 1156 latius
1075 1096 1142 1158 tra-

116 1181 219 1259 ctare,
249 1176 304 1240 sed
331 1177 408 1261 quia
436 1179 469 1241 et
497 1176 632 1240 anobis
654 1180 687 1240 et
709 1199 728 1240 a
749 1177 860 1240 multis
883 1197 958 1260 sepe
980 1177 1142 1261 seriptum

116 1265 179 1343 est,
203 1261 323 1326 ideireo
346 1261 453 1345 posita
474 1282 539 1325 una
561 1261 716 1343 dictione,
739 1282 820 1344 quae
839 1261 930 1325 utilis
944 1261 1014 1325 fore
1029 1261 1143 1346 legen·

115 1345 201 1410 tibus
230 1348 388 1411 censenda
418 1349 480 1423 est,
511 1353 616 1410 cetera
644 1347 864 1429 relinquemus
886 1346 1019 1413 intaeta.
1056 1349 1144 1412 duae

119 1431 359 1494 coniunctiones
382 1431 409 1494 si
431 1452 496 1494 una
520 1430 555 1493 in
577 1430 718 1495 dictione
739 1431 863 1514 positae
878 1429 1015 1511 fuerint,
1038 1431 1144 1496 idest

78 1529 104 1570 1⁵
118 1515 322 1598 oonpleotiua
349 1517 381 1577 et
409 1514 593 1597 rationalis,
623 1536 642 1578 a
669 1536 738 1579 sese
766 1515 936 1579 soluentur
962 1518 995 1580 et
1016 1517 1143 1580 nullius

117 1598 249 1662 alterius
278 1599 459 1662 sententiae
487 1598 570 1662 ratio
597 1602 762 1682 poscetur,
792 1603 843 1664 ut:
877 1601 1029 1681 quoniam
1056 1621 1142 1685 erpo,

118 1683 195 1765 quio
216 1684 330 1766 mitur,
355 1684 424 1748 ideo
440 1686 531 1766 quia,
554 1685 638 1748 unde
657 1686 824 1767 quoniam,
848 1686 999 1767 quonium
1021 1685 1143 1751 ideireo

118 1772 150 1832 et
172 1772 288 1833 cetera.
325 1767 388 1832 hiis
410 1768 504 1834 dietis
526 1769 600 1832 finis
624 1769 780 1853 epistolae
801 1769 1006 1852 inponendus
1029 1774 1088 1833 est.

352 1970 426 2036 VII.
461 1971 519 2036 DE
541 1969 904 2036 PRAEPOSITIONE.

203 2105 346 2188 Septima
373 2106 454 2168 mihi
484 2106 622 2188 epistola
651 2107 690 2169 de
717 2107 956 2190 praepositione
984 2106 1145 2174 ordienda

79 2213 104 2252 io
118 2193 175 2254 est.
211 2190 266 2253 sed
285 2190 361 2271 quia
376 2188 414 2252 de
429 2189 557 2252 usitatis
570 2190 864 2273 praepositionibus
879 2192 1018 2256 usitatus
1034 2213 1145 2258 sermo

120 2458 125 2467 Ι
184 2388 317 2467 '199Exo
336 2388 417 2444 Lero.
435 2389 608 2469 [82132De
632 2392 888 2471 praepositionibus
910 2393 1052 2471 pinsitatis
1072 2395 1145 2472 (leue

117 2457 268 2523 inusitatis)
292 2474 327 2511 ex
350 2459 452 2524 quarto
470 2457 621 2513 latinitatis
639 2476 743 2529 genere
761 2460 940 2529 philosophie
959 2463 1145 2518 accusativae

117 2525 356 2594 praepositiones:
380 2542 433 2581 eon
456 2543 507 2594 pro
531 2526 619 2595 apud,
643 2529 721 2582 airon
744 2543 795 2596 pro
813 2526 976 2593 adversum,
998 2530 1144 2586 materion

118 2609 170 2661 pro
189 2593 275 2660 circa,
299 2594 413 2648 statuini
431 2610 483 2664 pro
501 2610 590 2663 pene,
612 2594 689 2648 farao
707 2610 758 2664 pro
777 2594 1069 2662 secundinianum
1088 2615 1143 2668 pro

117 2663 247 2781 ppoptetr,
271 2661 364 2781 giabip
382 2677 433 2729 pro
456 2661 588 2781 inficitra,
611 2662 682 2715 luim
699 2678 751 2731 pro
760 2662 861 2782 liuxta,
884 2663 974 2717 salion
991 2679 1044 2784 prlo
1063 2667 1143 2733 ante,

117 2744 398 2864 ρτὲτὲῗῒτιιῗῖἓρὲἰυὶἓ
404 2744 464 2864 ’pig
467 2744 742 2876 &siilpirgrooairffiapror
744 2745 1012 2874 {2362501432335350
1024 2747 1143 2869 &iffi

118 2878 169 2931 pro
183 2878 269 2916 secus.
298 2880 373 2917 nune
386 2863 503 2918 ablativi
515 2880 596 2918 casus
607 2865 842 2933 praepositiones:
855 2881 957 2933 respon
970 2881 1021 2934 pro
1035 2882 1143 2934 eoram,

117 2930 218 2999 peipsa
237 2932 276 2998 (p1
296 2947 329 2984 ea
346 2933 380 3004 p)
400 2946 451 3000 pro
470 2948 550 2998 sene,
569 2948 648 2986 aram
665 2949 717 3001 pro
735 2935 830 2998 tenus,
850 2935 943 3011 aspois
960 2949 1011 3002 pro
1029 2935 1140 3004 palam,

119 3013 187 3067 apsa
208 3013 259 3065 pro
283 2999 404 3068 absque,
433 3000 463 3053 at
489 2999 616 3077 utrisque
641 3016 719 3054 oasus
741 3001 927 3068 praepositio:
955 3000 1062 3056 sandon
1087 3019 1143 3072 pro

119 3080 215 3133 super,
234 3065 333 3119 inadus
352 3083 402 3135 pro
421 3066 532 3133 subtus,
550 3067 628 3121 lidon
646 3083 697 3136 pro
716 3068 822 3121 subter.

186 3257 202 3304 2
221 3253 375 3306 eommunis
387 3252 421 3307 N
430 3254 440 3320 ΙΙ
453 3258 469 3306 4
487 3268 574 3321 poaro
587 3251 622 3308 N
630 3254 640 3322 ΙΙ
653 3257 669 3307 b
687 3269 762 3322 quae
774 3254 809 3310 N
817 3254 826 3323 ΙΙ
839 3258 855 3307 6
867 3270 919 3322 per
930 3253 984 3309 hoo
996 3253 1070 3323 quod
1082 3255 1118 3310 N
1124 3257 1139 3327 ΙΙ

118 3351 150 3456 {⁶
172 3335 606 3459 irritationibus
622 3325 1141 3461 bisinianensis

115 3469 312 3527 Posiiioua
330 3473 381 3541 Nl!
397 3478 426 3526 ro
446 3472 571 3527 orienda
588 3445 626 3527 ri.
