2436 3840
371 169 421 228 VI.
447 168 496 222 DE
514 123 800 228 CONIUNCTIONE.
1036 170 1097 236 169

79 323 171 387 multi
202 327 314 387 monim
346 341 412 386 uon
444 321 652 404 inteltepentes
680 323 748 386 uim
781 322 900 388 latinae
932 325 1096 406 orationis,

81 409 165 472 ducti
187 406 412 489 similitudine,
436 410 546 489 partes
563 425 624 488 pro
641 407 791 488 partibus
806 411 947 488 ponunt3
968 408 1050 472 sicut
1070 414 1099 473 et

79 493 174 573 iliud,
204 492 288 573 quad
312 510 381 573 sepe
409 491 505 574 tepere
530 490 664 555 solemus
691 493 999 573 ‘inpraesentiarum’
1026 513 1098 557 com

78 577 221 658 fundunt
241 578 466 654 nescientesque
487 577 566 657 quid
585 577 644 655 sit,
673 576 801 640 demunt
820 576 976 658 syllabam
997 581 1097 641 extre-

80 683 167 726 mam
182 664 278 726 ‘rum’
294 664 331 725 ut
339 665 464 743 ponant
478 662 526 725 ‘in
534 661 743 742 praesmtia',
755 661 905 741 facientes
919 661 1098 725 attatiuum
1123 679 1136 719 s

80 766 188 811 casnm
210 765 281 810 cum
297 746 546 827 praepositime,
573 746 658 826 quod
678 746 805 810 omnino
827 746 1013 810 conumiem
1033 765 1099 810 non

81 835 133 894 est.
171 849 249 894 nam
272 831 583 911 ‘inpraesentiarum'
605 850 707 895 unum
729 829 916 895 uoluentium
928 829 1011 909 facit
1023 833 1098 894 tem

75 915 204 997 porate,
225 918 262 978 ut
281 916 324 979 sit
344 921 437 996 quasi
459 916 671 996 ‘praesentim'
694 914 809 979 simite:
832 918 862 979 et
881 915 917 978 in
937 914 994 979 troc
1008 914 1098 979 modo

80 1000 284 1082 seducuntur,
312 1001 390 1082 quia
409 1004 526 1081 putant
542 1000 623 1081 fatr’s
645 1000 775 1064 ‘demus’
793 1000 1004 1081 participium
1025 1019 1098 1064 esse.

80 1104 157 1147 uam
177 1084 254 1150 toea
274 1084 389 1166 uerba,
412 1104 494 1165 quae
513 1085 684 1149 secundnm
705 1103 856 1166 personas
877 1084 1041 1166 deficiant,
1063 1089 1138 1149 ut1⁰

82 1169 187 1248 ‘decet
212 1173 342 1252 oportet,
365 1169 454 1232 tedet’
477 1172 506 1232 et
526 1173 640 1246 cetera,
663 1169 841 1250 participia
861 1169 954 1233 nulia
974 1168 1098 1234 hubmt.

79 1258 219 1334 superest
232 1272 304 1335 erpo
318 1257 355 1317 ut
369 1252 500 1317 ‘decens’
516 1252 677 1335 r'ntettepas
690 1273 803 1318 nomeu
818 1270 881 1317 esse
896 1252 1098 1334 adiectiuum

74 1338 243 1419 porticani
272 1337 397 1418 quidem
423 1337 539 1418 amite,
567 1338 647 1401 simu
672 1341 700 1401 et
728 1338 914 1402 ‘condecens’
944 1356 976 1402 ee
1002 1338 1099 1401 ‘inde-

81 1429 162 1486 cens’
186 1426 215 1485 et
236 1422 435 1504 ‘perdecens'.
467 1418 547 1486 haec
562 1424 727 1488 Aeneas.
757 1441 870 1484 uerum
885 1422 1037 1504 quoniam
1060 1422 1099 1485 de

81 1505 252 1591 participio
281 1509 314 1570 et
341 1507 376 1571 in
403 1506 465 1570 hoc
493 1505 581 1569 etin
604 1509 901 1590 supramemorato
925 1527 999 1590 sepe
1022 1520 1138 1590 opu-1⁵

82 1592 169 1654 scuto
197 1590 395 1655 sufficienter
422 1591 625 1655 edisseruisse
647 1612 698 1654 me
721 1591 876 1671 arbitror,
907 1595 1100 1674 oportunum

83 1674 157 1738 huic
181 1675 334 1758 epistolae
356 1675 454 1757 finem
477 1675 569 1739 dabo.

336 1873 392 1938 VI.
424 1873 483 1938 DE
506 1873 847 1941 CONIUNCTIONE.

167 2009 305 2076 Uidetur
331 2009 427 2092 mihi,
456 2009 503 2074 fili
529 2009 708 2093 carissime,
736 2009 815 2074 haec
837 2031 912 2094 pars
934 2009 1100 2087 orationis,

82 2117 163 2180 quae
187 2095 371 2161 coniunctio
392 2098 545 2174 uocatur,
568 2094 681 2159 similis
703 2115 773 2159 esse
794 2093 1017 2159 incastraturis
1032 2095 1102 2177 qui-

82 2180 218 2245 busdam
239 2180 292 2245 uel
312 2181 457 2259 nexuris,
482 2180 597 2264 quibus
619 2180 792 2245 uincienda
807 2198 1024 2263 quaecumque
1039 2177 1101 2242 col·
1115 2205 1140 2243 ro

82 2265 227 2346 ligantur
245 2265 426 2347 molimina,
440 2265 641 2349 maximeque
655 2265 883 2330 tabulatorum.
909 2263 967 2328 tali
982 2262 1102 2328 etenim

83 2348 179 2412 modo
200 2349 280 2411 haec
301 2349 460 2431 particula
483 2349 652 2432 coniungit
674 2354 706 2414 et
726 2349 932 2434 conglutinat
947 2348 1103 2414 dictiones

83 2453 121 2495 ec
143 2431 329 2495 sententias.
365 2432 454 2495 cuius
476 2436 669 2514 potestatem
690 2435 726 2496 in
748 2435 889 2516 quinque
911 2434 1035 2518 species
1058 2433 1104 2496 di·

82 2518 185 2579 uisam
213 2518 336 2580 ueteres
364 2520 595 2597 annumerant,
623 2536 755 2598 quarum
777 2518 881 2599 prima
903 2522 953 2580 est
975 2517 1102 2600 copula-

83 2601 168 2681 tiua‚
193 2621 273 2683 quae
294 2600 424 2684 proprie
446 2599 533 2664 dicta
555 2600 733 2684 coniungit.
769 2602 805 2665 in
821 2601 1012 2685 copulatiuis
1028 2621 1103 2665 con·
1116 2619 1142 2660 re

84 2684 319 2766 iunctionibus,
354 2706 435 2768 quae
462 2705 596 2750 numero
625 2706 680 2749 sex
708 2689 783 2749 suut
815 2691 845 2750 et
874 2705 913 2750 aa
939 2689 974 2752 at
1001 2686 1105 2767 adque

84 2776 144 2853 ast,
164 2791 196 2836 ce
209 2791 325 2855 graeca
339 2769 526 2836 assumitur:
550 2773 690 2834 extreme
706 2770 792 2834 enim
807 2769 893 2854 apud
909 2769 1029 2835 Grecos
1044 2791 1103 2854 pro

84 2860 113 2920 et
141 2876 267 2939 semper
293 2856 435 2938 ponitur.
472 2858 506 2920 et
527 2855 607 2920 haec
630 2855 813 2936 copulatius
835 2855 1032 2920 subiunctiui
1054 2877 1103 2920 or-

85 2939 170 3004 dinis
197 2940 268 3003 fieri
296 2939 377 3004 solet
405 2939 489 3023 apud
520 2961 580 3004 nos
610 2938 792 3005 dumtaxat:
821 2944 961 3005 ceterum
989 2941 1025 3005 in
1047 2962 1104 3004 sua

152 3146 169 3192 4
187 3141 348 3198 extreman
366 3141 410 3207 N,
430 3144 585 3196 extremam
603 3141 668 3196 Mai
685 3143 728 3209 118
746 3141 830 3195 simili
847 3142 882 3197 N
900 3144 904 3211 Ι
921 3148 937 3196 9
956 3142 1028 3197 vatis
1044 3142 1079 3196 N
1098 3143 1101 3210 t

87 3215 118 3263 15
130 3223 213 3293 spera
223 3207 258 3262 N
267 3210 277 3278 [Ι
292 3215 323 3264 16
341 3209 745 3282 edisserrnissime(e1eai)N
754 3210 763 3277 ΙΙ
776 3144 944 3265 EXPLIOIT
964 3141 1104 3274 QUINTt

86 3293 134 3346 DE
151 3292 370 3371 ΡᾼΒΤΙΟΙΡΙΟ.
396 3293 535 3349 INCIPIT
555 3291 673 3371 SEXTE
691 3292 739 3346 DE
758 3292 1036 3349 CONIUNCTIONE
1047 3292 1082 3347 Ν
1086 3294 1092 3371 j

87 3367 119 3416 18
138 3363 279 3435 canssime
293 3364 347 3431 [121
366 3362 514 3415 muIImina
530 3361 563 3414 N
573 3362 582 3430 [Ι
595 3377 773 3433 maxumeque
790 3362 823 3416 N
831 3365 841 3430 ss
854 3361 959 3415 etenim
979 3364 1018 3428 (e,
1035 3377 1068 3416 ea
1083 3379 1093 3414 1

86 3463 120 3516 N
129 3465 139 3531 ss
151 3470 184 3519 ‘25
195 3431 249 3536 pupi
262 3464 373 3518 aedicta
389 3464 428 3520 N.
