2436 3840
463 148 483 202 r.
510 147 558 203 on
576 147 731 204 neuma.
1052 151 1112 216 115

91 304 253 383 dicantar,
281 301 346 366 aisi
373 320 448 366 acac
476 302 738 384 auaaaaeaar,
768 307 803 366 ai
830 303 880 368 bic
902 303 962 367 bic.
1007 303 1111 368 sedsi

90 388 283 452 emendatius
305 390 333 449 ci
353 386 464 451 melias
485 387 617 451 scribare
637 388 703 467 ais,
727 387 914 452 aalacrbiam
931 409 992 470 per
1015 389 1075 454 dac
1097 389 1112 451 i

90 472 277 552 caracalla,
301 475 336 534 ai
356 471 428 535 liic.
466 476 541 536 saal
562 473 657 536 clima
680 491 762 552 qaae
782 472 889 537 uerbis
903 473 1024 537 similia
1033 492 1110 553 pro·

89 558 236 638 aomina,
265 559 466 637 alapatus,
490 557 519 619 is
540 557 581 638 is,
605 558 676 636 aab
697 557 782 636 qais,
806 559 854 622 lai
876 558 940 639 iai,
964 557 1022 621 tibi
1044 557 1110 620 libi.

89 643 143 706 sed
162 643 192 705 si
213 640 343 705 aerbam
356 640 399 703 sit
413 661 483 722 ayo,
504 641 613 722 prima
627 640 751 721 syllaba
761 643 971 724 producetur,
994 645 1030 705 al
1044 661 1107 722 eya,
1135 659 1148 699 s

90 727 175 807 qaod
195 730 239 789 asi
259 725 346 789 aiae.

176 809 239 874 Sed
260 808 323 873 hoc
345 807 562 890 indagandum
585 808 670 873 inter
692 809 771 873 haec
793 809 857 872 tria
877 809 978 873 uerba
992 808 1111 872 similia

90 895 178 977 quali
200 893 383 957 discrimine
406 892 616 957 discernenda
637 894 703 958 sint
725 915 800 976 apo,
823 914 890 977 eya,
914 914 992 976 spec.
1038 914 1110 957 cum

91 1000 166 1063 crgo
190 978 302 1042 scribis
325 997 399 1059 apa,
423 978 457 1041 in
481 977 653 1061 praeterito
676 982 818 1061 tempore
840 980 910 1061 aeyi
933 1000 1006 1043 eum
1027 978 1110 1061 aspi-

89 1065 214 1128 ratione
247 1063 394 1147 diptongi
420 1062 566 1138 scribite,
601 1084 654 1145 eya
685 1065 793 1127 autem
819 1063 973 1147 diptongo
1002 1065 1110 1126 careat
1125 1084 1151 1124 ro

90 1152 122 1212 et
150 1149 196 1212 sic
224 1147 404 1212 declinatur
431 1167 483 1229 eya
513 1149 590 1228 epis,
625 1152 658 1210 et
685 1147 859 1230 praeterito
888 1150 1033 1230 tempore
1062 1148 1111 1228 epi

90 1234 287 1296 breuiatum:
310 1232 365 1296 sed
389 1231 545 1314 syllabam
567 1231 777 1295 nouissimam
800 1231 998 1313 extenderis,
1022 1231 1110 1294 omni

91 1338 196 1381 errore
220 1316 359 1398 carebis,
382 1317 465 1379 sicut
486 1317 513 1378 si
536 1315 571 1378 in
594 1314 757 1398 praedicto
774 1318 846 1400 aspi
860 1318 997 1401 primam
1012 1316 1109 1400 sylla-

89 1402 164 1465 bam
186 1401 390 1485 produxeris,
413 1399 592 1464 rectissime
615 1399 710 1479 lacis,
733 1403 923 1484 praesertim
946 1423 1016 1465 cum
1039 1401 1109 1483 dip-

90 1490 225 1570 tongum
250 1485 377 1550 habeat.
417 1506 488 1549 cum
517 1484 638 1549 scribas
666 1486 695 1550 is
715 1487 863 1570 uerbum,
893 1507 1018 1569 semper
1036 1506 1108 1568 pro·
1123 1506 1149 1548 rs

89 1571 184 1636 duces
216 1574 253 1634 ut
286 1591 319 1635 ea
348 1572 390 1648 is,
425 1571 559 1644 cicuta
592 1589 669 1652 auco
697 1572 776 1651 qais.
819 1576 854 1634 at
886 1592 958 1635 cum
991 1570 1109 1634 scribas

88 1655 281 1739 pronomina
309 1654 410 1719 literis
434 1655 504 1737 (is)
528 1657 608 1734 cias,
637 1656 709 1736 qais
731 1656 836 1737 caius,
867 1656 925 1720 hae
953 1655 1109 1737 monosyl-

90 1740 177 1804 labas
200 1760 325 1823 semper
346 1739 510 1821 corripite.
549 1744 677 1804 etcum
700 1739 813 1804 scribis
835 1741 882 1804 lai
902 1739 1109 1823 pronomina-

90 1825 180 1905 liter,
196 1823 335 1906 priorem
352 1821 509 1906 syllabam
524 1822 700 1905 producere
716 1824 813 1886 debes
829 1824 892 1904 lai3
915 1844 986 1886 cum
1003 1825 1108 1886 autem

89 1910 132 1973 im
158 1908 281 1972 eratiuo
303 1906 397 1970 modo
420 1906 518 1970 actiui
539 1907 630 1971 uerbi
651 1907 816 1990 scripseris
837 1909 900 1988 lai,
922 1909 1109 1991 sequentem
1123 1933 1150 1972 ao

89 1932 246 2076 syllabam
267 1991 424 2075 producta
446 1994 503 2055 est.
535 1995 584 2055 est
599 1995 706 2056 autem
721 1991 783 2056 hoc
798 1992 930 2054 uerbum
946 1996 1012 2074 trra,
1036 1994 1110 2073 lais,

87 2081 163 2157 rata·
187 2082 220 2141 et
242 2082 290 2141 cst
313 2098 425 2141 sensus
447 2076 532 2142 clarc
553 2079 682 2160 aspicie.
716 2081 750 2141 at
765 2076 792 2140 si
808 2076 847 2141 de
862 2075 975 2140 tutella
990 2076 1109 2141 dixeris

89 2169 192 2245 iasar,
217 2163 329 2244 bacris,
352 2161 509 2226 secundae
527 2161 765 2246 coniugationis
780 2160 842 2227 erit
858 2160 1022 2244 deponens
1038 2182 1108 2224 ucr-

88 2248 173 2310 bum.
208 2247 348 2326 ambibi,
371 2247 398 2309 si
420 2246 534 2310 scribis
556 2246 665 2311 datiuo
688 2268 779 2311 cassu
801 2246 1001 2331 pronominis
1024 2246 1109 2310 finiti

88 2330 299 2413 posteriorem
332 2329 487 2413 syllabam
518 2333 589 2412 tibi,
624 2332 651 2395 si
681 2353 760 2396 uero
794 2331 985 2414 imperatiuo
1013 2331 1108 2396 modo
1122 2358 1148 2399 rs

89 2415 188 2476 actiui
216 2413 301 2476 illius
330 2414 420 2476 uerbi
446 2415 625 2496 scripseriS,
661 2416 745 2498 quod
775 2421 823 2480 est
850 2417 941 2498 libia,
970 2416 1108 2500 priorem

88 2497 242 2580 syllabam
265 2518 376 2561 acuere
399 2497 505 2564 debes.
544 2498 619 2563 libio
642 2499 729 2562 enim
750 2498 836 2563 hunc
858 2521 988 2564 sensum
1009 2499 1108 2564 habet

89 2582 258 2647 cilbariao:
280 2582 359 2647 libia
381 2581 466 2645 enim
489 2583 650 2665 quoddam
673 2583 826 2647 cantandi
847 2604 950 2665 genus
974 2586 1032 2647 est.

172 2666 233 2731 Est
267 2666 363 2730 etiam
397 2666 532 2730 uerbum
562 2671 594 2730 et
622 2667 808 2731 aduerbium
844 2667 968 2730 hisdem
1005 2668 1107 2731 literis

88 2753 230 2815 caraxari
260 2752 355 2816 solita
382 2756 418 2815 ut
447 2756 508 2817 asle
535 2756 611 2817 esic:
640 2773 715 2815 nam
744 2756 805 2818 eslo
832 2750 987 2816 neutralis
1016 2753 1108 2816 uerbi
1121 2779 1147 2819 m

156 2943 198 2991 29,
217 2938 251 3003 cf.
270 2937 340 2992 Eae.
358 2937 445 2995 Bera.
459 2940 523 3004 199,
535 2940 552 2990 3
564 2941 589 2991 et
602 2937 683 2991 Laid.
695 2936 717 3002 s.
728 2940 774 2991 74:
794 2935 844 2990 nst
862 2936 948 2990 etiam
960 2977 965 2990 .
979 2975 1002 2992 ..
1016 2937 1106 2992 isdem

89 3005 198 3058 craxari
216 3003 347 3071 (crassari
365 3005 402 3069 L)
424 3045 559 3063 ......
578 3003 763 3072 imperativus
780 3004 881 3059 modus
899 3035 930 3044 -
948 3006 1107 3059 necessario

155 3173 339 3246 aperypun
352 3180 367 3227 3
378 3151 519 3241 ateana
535 3173 588 3242 Nl
600 3172 665 3226 huic
682 3173 735 3241 my
750 3180 781 3228 ιο
799 3172 956 3243 diphtongo
976 3174 1005 3240 (h
1023 3174 1106 3241 aa)

86 3276 138 3344 Nn
152 3281 183 3329 16
202 3254 305 3342 a⁰queo
323 3275 357 3328 N
371 3289 440 3328 cerr.
454 3275 518 3352 Mai
555 3279 585 3328 17
603 3275 627 3327 is
644 3274 712 3330 add.
724 3275 804 3343 Mai!
822 3254 1029 3342 monosyllab⁸s
1046 3273 1081 3352 N
1090 3275 1104 3344 ΙΙ

87 3349 117 3395 21
137 3344 194 3397 tuis
212 3344 254 3396 tui
271 3343 305 3398 N
316 3343 328 3412 ll
344 3349 377 3396 22
396 3342 497 3412 aspitro
560 3342 698 3412 lintella]
716 3342 832 3397 tustela
848 3342 882 3396 N
897 3345 952 3410 1125
970 3343 1100 3412 posterio-

86 3459 177 3498 rames
194 3445 227 3499 N
236 3447 246 3514 ΙΙ
258 3450 291 3499 28
303 3412 433 3499 cithariza
443 3443 477 3498 N
486 3445 495 3511 ΙΙ
508 3423 577 3510 tibia
589 3445 627 3499 N.
865 3522 868 3527 ⁴

861 3530 901 3581 Q*
