2436 3840
119 148 161 212 66
350 145 505 201 VlRGlLll
523 145 687 201 MARONIS
706 147 902 202 EPITOMAE.

120 299 298 379 conseruet
326 302 441 363 cetera.
487 301 562 362 sunt
589 304 755 382 praeterea
776 300 891 382 uerba,
920 321 1002 382 quae
1025 305 1140 366 contra

119 386 289 448 ussitatam
318 383 514 447 latinitatem
546 384 599 447 uel
632 383 814 448 adiciuntur
842 385 975 468 syllabis
1003 386 1056 449 uel
1084 387 1139 450 de-

119 469 319 533 minuuntur.
358 466 540 532 adieiuntur
561 470 599 531 ut
620 469 719 552 teporo
741 470 788 533 ris
802 471 862 549 rit,
885 470 1050 552 teperimus
1064 472 1139 536 ritis

118 555 186 617 rint
213 557 245 617 et
274 553 334 617 hou
361 552 536 617 indicatiuo
564 552 659 616 modo
681 555 826 636 tempore
849 554 1011 636 praesenti
1033 558 1069 618 ut
1091 576 1139 620 se-

93 638 253 722 squentia
285 635 464 701 declarant:
494 637 710 719 inperfectum
744 638 928 719 teperetam,
958 639 1139 720 perfeetum

119 723 240 806 tepent,
262 721 614 806 plusquamperfectum
629 722 824 804 lepesserum,
840 721 986 785 futurum
1002 724 1139 805 leperam

117 827 167 872 res
188 813 252 888 ret,
274 806 466 888 imperatiuo
490 808 586 887 tepere
606 806 722 887 teperet
744 807 917 888 leperamas
939 807 1062 890 inperite
1085 809 1139 873 uel

118 893 263 973 leperutis
284 891 439 972 leperuut5
464 890 610 954 futurum
633 890 757 971 leperito
780 891 896 972 teperet
916 895 949 953 et
970 890 1139 975 pluraliter

118 977 291 1057 leporarius
312 975 465 1057 leperitote
491 975 545 1037 uel
567 975 711 1057 teperatis
733 975 873 1056 teperaut
892 975 946 1038 uel
968 978 1137 1057 inperante.

80 1078 104 1117 ιο
118 1059 263 1123 obtatiuo
305 1061 401 1124 modo
443 1060 569 1125 utinum
611 1059 774 1141 tepererem
811 1060 958 1141 tepereres
994 1061 1139 1142 lepereret

118 1145 318 1227 tepereremas
343 1145 515 1222 lepereretis
539 1144 710 1225 leperereut.
755 1144 941 1224 lepessisseru
964 1145 1137 1226 lepessisses

118 1230 295 1311 tepessisset,
320 1229 543 1311 lepessissemas
564 1229 637 1293 setis
658 1232 735 1292 seat.
773 1229 919 1291 futurum
941 1229 1075 1312 leperam
1097 1231 1135 1296 le-

114 1333 208 1396 peras
234 1319 288 1379 rat
315 1313 360 1376 sie
388 1312 449 1376 rite
477 1334 535 1395 per
561 1313 648 1376 hune
676 1312 821 1376 ordinem
844 1312 1024 1377 declinatur
1047 1316 1137 1378 etin

116 1400 246 1482 passiuo
269 1398 367 1461 habet
388 1400 532 1480 ternpore
558 1396 733 1480 praeterito
756 1397 884 1478 tepestas
905 1416 986 1464 sam.
1031 1399 1138 1462 minu·

79 1497 104 1538 1⁵
117 1486 217 1546 untur
240 1485 346 1545 autem
369 1481 432 1544 alia
454 1484 491 1544 ut
511 1500 590 1546 semo
610 1482 703 1545 semis
716 1483 807 1545 serait
821 1486 853 1545 et
868 1481 929 1546 hoe
944 1503 1003 1564 pro
1017 1485 1138 1548 semino

118 1571 150 1630 et
177 1567 384 1648 praeteritum
413 1567 528 1648 sempsi
554 1586 613 1646 pro
642 1567 801 1629 seminarat
830 1568 863 1629 et
888 1570 1025 1648 serapias
1052 1587 1134 1636 sum.

117 1655 193 1713 sunt
221 1652 254 1713 et
281 1649 343 1713 alia
370 1670 452 1732 quae
480 1648 694 1713 declinatione
723 1650 914 1714 difficillima
936 1654 1013 1714 sunt
1035 1655 1072 1715 ut
1094 1654 1137 1734 fio

115 1736 155 1818 fis
180 1736 230 1817 pt,
260 1733 335 1798 lieet
362 1733 502 1798 secunda
522 1755 660 1817 persona
686 1733 796 1798 multis
818 1757 885 1799 non
907 1736 1043 1818 placeat.
1089 1739 1140 1801 in·

115 1819 293 1902 perfeetum
325 1820 453 1901 fiebam,
486 1818 664 1902 perfectum
695 1819 760 1899 fai,
794 1819 963 1904 plusquam
996 1820 1137 1904 fueram,

77 1904 261 1968 soluturum
283 1906 362 1987 fiam
384 1906 440 1987 [tes
453 1906 520 1987 stet,
542 1903 751 1987 imperatiuus
765 1905 966 1987 palpamus,
990 1903 1137 1970 futurum

116 1991 169 2060 uro
200 1991 268 2071 siut.
311 1989 473 2052 obtatiuus
505 1989 618 2051 modus
646 2009 666 2050 a
693 1988 804 2052 multis
833 1988 1011 2052 declinatur
1035 1990 1138 2070 forem

115 2093 165 2138 res
192 2078 252 2150 ret,
282 2093 300 2135 a
327 2072 493 2136 nonnullis
514 2074 617 2154 piarem
639 2074 671 2135 et
692 2072 791 2136 habet
812 2074 977 2156 passiuum
998 2075 1136 2139 uerbum

115 2159 176 2239 fior
207 2158 278 2238 pris
308 2158 386 2238 fitur
417 2159 449 2220 et
483 2158 602 2239 eetera3
633 2156 733 2236 fiatur
764 2159 840 2239 ptius
870 2177 956 2240 sam,
990 2159 1135 2224 futurum

184 2411 199 2458 2
217 2405 364 2460 ussitatem
381 2407 422 2472 P,
422 2406 578 2491 psitatam
599 2407 657 2462 VN
669 2409 679 2476 11
696 2407 847 2462 demuntur
864 2410 892 2464 P
908 2410 919 2478 ΙΙ
936 2416 952 2464 3
970 2410 1137 2480 legeremus

119 2489 145 2538 V
155 2490 165 2558 11
178 2495 193 2544 5
205 2489 287 2559 inper
302 2489 452 2560 Vllperfto
468 2491 542 2559 7116
559 2491 636 2560 leges
651 2491 684 2557 V,
701 2491 797 2560 legissi
807 2493 842 2547 N
850 2495 888 2561 18
920 2493 939 2546 l’
956 2494 988 2561 V,
1007 2495 1095 2563 plui}
1106 2495 1140 2550 N

113 2559 130 2680 pl
142 2558 186 2613 ef.
198 2558 308 2627 legerat
320 2560 349 2612 et
360 2557 591 2629 pluslegeramus
600 2559 792 2639 legeritote'vt
800 2511 935 2638 legeralis
945 2561 1078 2641 legerant
1090 2565 1138 2619 vel

126 2628 263 2697 egerunte
281 2626 308 2679 V
317 2628 355 2696 119
371 2626 513 2698 legerant]
532 2632 659 2695 aequetur
671 2627 767 2701 ‚futupp
777 2627 897 2698 legento
910 2628 933 2698 (l
945 2646 979 2684 aa
989 2634 1091 2701 muro.)
1108 2633 1137 2686 P

115 2728 129 2797 11
143 2734 174 2783 10
186 2729 313 2796 optativo
330 2728 388 2783 VN
396 2729 406 2796 11
417 2727 573 2797 legemem
593 2727 629 2794 V,
646 2706 772 2797 legiiem
781 2729 952 2800 N,legerem
962 2731 990 2784 P
1002 2733 1013 2800 11
1024 2731 1137 2801 legeres

113 2831 149 2894 P,
167 2845 212 2882 res
228 2828 286 2882 VN
294 2830 304 2898 11
315 2828 426 2908 legeret
436 2830 477 2895 P,
494 2827 629 2907 rethNn
644 2835 672 2883 11
687 2829 845 2950 legpremus
857 2831 899 2897 P,
917 2810 1079 2910 legeniinus
1096 2833 1136 2899 N,

113 2911 210 2972 remus
228 2895 274 2963 711
286 2896 419 3016 lqperetrs
435 2898 477 2958 P,
496 2897 564 2950 retis
585 2895 709 2975 Vllrent
759 2938 766 2964 ,
785 2898 890 2979 nntN
897 2900 907 2968 11
918 2898 1084 2967 legesrssem
1101 2901 1135 2965 P,

115 2962 286 3030 legissrssem
303 3031 313 3098 ΙΙ
338 3003 345 3028 ,
363 2963 495 3032 legissem
516 2964 542 3017 V
552 2964 562 3031 1
574 2964 721 3032 legesrsses
733 2967 775 3029 P,
792 2965 948 3035 legissrsses
960 2966 1005 3033 N,
1024 2983 1069 3022 ses
1084 2967 1124 3039 71

115 3035 146 3083 12
169 3029 213 3083 set
233 3029 292 3106 VN
330 3029 547 3151 lepessessemus
564 3033 608 3099 P,
632 3048 724 3086 semus
745 3033 796 3110 71
813 3034 940 3105 legeram
961 3036 990 3090 P
1007 3036 1017 3104 1
1037 3042 1068 3091 13
1091 2969 1137 3090 rai

113 3113 207 3152 ramus
225 3099 294 3150 ratis
311 3112 361 3150 ran
396 3097 487 3166 7114
504 3100 633 3167 tempore
649 3101 804 3167 praetento
822 3117 874 3158 om.
894 3101 984 3170 7116
1002 3104 1087 3157 semsi
1104 3103 1140 3157 N

114 3198 128 3267 11
138 3198 283 3252 semenare
304 3196 350 3266 Vn
363 3177 490 3267 ,tmpus
506 3201 558 3269 up
573 3206 603 3255 n
622 3201 652 3254 et
663 3216 714 3255 om.
727 3202 983 3324 Npuueficuuma
999 3205 1028 3259 P
1046 3204 1057 3272 1
1070 3207 1137 3284 supa

112 3281 163 3320 om.
186 3265 221 3320 N
238 3266 249 3334 11
272 3271 303 3319 19
325 3266 486 3336 plusquam]
510 3269 551 3335 pl’
574 3268 680 3337 7121
703 3272 771 3339 opta
785 3288 847 3324 rvus
873 3270 937 3325 VN
953 3271 963 3339 1
984 3288 1003 3326 a
1023 3272 1134 3343 multis]

112 3369 163 3421 aut
180 3367 232 3488 Np
245 3366 393 3421 declinatis
414 3366 459 3436 711
473 3372 504 3420 21
515 3368 534 3428 f,
548 3371 653 3425 foerem
665 3387 710 3425 res
722 3373 766 3425 ret
783 3371 874 3440 7122
893 3342 1005 3426 autmn.
1033 3374 1060 3426 V
1073 3376 1084 3442 11
1101 3379 1135 3430 23

111 3433 186 3488 fieris
243 3435 253 3502 11
265 3435 392 3489 futurum
409 3450 461 3489 om.
484 3435 546 3492 VN
