2436 3840
124 200 165 263 70
356 193 510 249 VIRGILll
527 190 693 246 MARONIS
711 188 905 244 EPlTOMAE.

123 350 255 432 dicitur,
283 349 338 431 qui
360 348 403 412 sit
424 347 615 430 praecipuus
639 345 750 409 doctor
771 352 803 407 et
825 342 1050 407 aduerbialiter
1072 364 1141 408 raa-

120 437 216 517 9r'stcr
243 454 302 516 pro
331 434 415 497 docte
443 432 599 514 accipitur
626 431 710 494 sicut
731 428 916 492 Lucanus
938 429 985 492 ait
1006 429 1143 494 doctores

123 520 236 583 eieuiru
257 519 359 582 uestri
379 518 530 600 mactetur
551 517 660 579 orauia
680 514 849 594 faciebant.
884 518 960 577 sunt
975 514 1073 576 etiam
1088 513 1141 577 ad·

122 603 233 667 uerbia
256 623 336 685 quae
358 603 489 684 propter
511 602 686 663 metrorum
707 597 916 662 necessitates
937 597 989 660 uel
1009 601 1142 681 propter

96 691 264 752 ⁵ueterem
287 685 553 749 consuetudinem
576 687 609 748 et
629 687 666 747 ut
688 682 847 747 elimatius
862 683 982 763 dicam,
1006 687 1142 766 propter

121 773 271 835 uitiosum
300 770 523 833 inuentionem
552 774 608 832 aut
634 767 797 832 adduntur
825 770 861 831 ut
886 768 1059 848 fortiosr'tcr
1080 789 1140 850 pro

118 857 258 936 sortiter,
276 860 426 938 complace
437 876 495 936 pro
511 857 643 937 compte,
659 855 716 916 aut
729 853 921 916 minuuntur
935 855 972 916 ut
989 853 1142 919 audacter

120 961 179 1022 pro
202 941 381 1018 audaciter,
401 939 521 1020 felictcr
539 959 598 1021 pro
610 938 753 1018 feliciter,
791 937 859 1002 aar
873 938 977 1002 instar
989 937 1044 1017 sae
1058 959 1140 1003 non·

121 1023 204 1087 nulli
226 1027 342 1106 putant
364 1025 497 1087 nomina
520 1044 588 1087 esse
603 1021 819 1101 inflectibilia,
842 1021 898 1085 sed
912 1043 973 1085 nos
989 1022 1142 1087 aduerbia

83 1123 279 1172 messenen
301 1109 503 1193 ambigimus.
542 1107 695 1171 aduerbia
718 1107 937 1191 congregandi
959 1129 1027 1171 non
1042 1109 1140 1172 unius

120 1197 198 1257 sunt
224 1196 343 1275 status,
374 1197 431 1257 aut
459 1193 546 1258 enim
575 1193 778 1277 coniungunt
800 1194 833 1255 et
855 1192 984 1256 stabilis
1005 1195 1080 1255 sunt
1102 1197 1141 1257 ut

119 1279 255 1342 iuuiccru
275 1298 385 1343 sumus
406 1282 462 1342 aut
484 1277 705 1342 controuersia
726 1280 762 1340 ut
787 1277 923 1341 iuuicem
943 1278 1141 1360 iasuryr'mus

120 1367 175 1426 aut
212 1363 368 1426 dicessiua
396 1367 432 1426 ut
461 1364 638 1427 adiuuiccra
666 1363 881 1443 disiuuqimur
915 1364 971 1425 aut
1002 1365 1140 1446 agapeta

119 1451 156 1510 ut
171 1466 234 1528 pro
256 1448 392 1511 iuuiceru
413 1447 607 1513 laboramus
645 1446 739 1509 multi
761 1446 913 1510 aduerbia
933 1446 971 1509 de
987 1447 1138 1512 coniunc-

82 1545 107 1585 15
120 1530 233 1594 tatiuis
255 1531 379 1594 faciunt
399 1535 437 1595 ut
457 1551 528 1612 erqo
551 1535 671 1609 tamea,
694 1533 731 1593 ut
752 1551 823 1612 erqo
843 1552 902 1614 pro
920 1550 990 1614 sepe
1003 1536 1139 1615 ponent,

120 1619 226 1678 tamea
253 1634 311 1696 pro
339 1616 412 1680 iude
439 1615 530 1679 iuxta
564 1615 643 1678 illud
671 1613 844 1700 Virgilii
872 1617 1036 1680 Assiani
1067 1638 1139 1700 cryc

119 1699 225 1781 lequut
244 1700 399 1781 sapientes
421 1706 478 1766 tua
498 1701 618 1782 scripta
639 1700 767 1784 odaia,
790 1700 853 1764 hoc
875 1703 924 1764 est
945 1700 1051 1764 dicere
1069 1721 1139 1784 sepa

119 1783 225 1865 leyuut
261 1788 293 1849 et
330 1784 398 1869 ipse
435 1784 534 1850 Oete
564 1790 669 1850 taurea
706 1784 813 1868 inquit
844 1787 964 1850 reuersi
999 1785 1139 1853 Romam

118 1870 252 1934 ueuiuut
272 1870 333 1935 hoc
356 1873 405 1933 est
425 1870 500 1935 iude
521 1871 649 1936 reuersi.

462 2054 521 2139 (9.)
545 2053 593 2116 De
614 2055 795 2137 participio.

76 2234 105 2274 20
204 2203 253 2266 De
280 2204 449 2286 participio
471 2208 592 2281 cutem,
624 2205 705 2287 quod
731 2228 805 2289 pars
827 2206 968 2271 nominis
990 2211 1024 2272 et
1045 2208 1138 2272 uerbi

118 2290 182 2369 est,
206 2287 245 2351 de
268 2288 383 2370 quibus
405 2289 439 2352 in
454 2289 674 2372 superioribus
689 2294 818 2372 utputo
834 2290 1033 2356 sufficienter
1048 2292 1138 2357 effati

120 2393 245 2451 sumus,
276 2392 361 2436 nune
389 2373 500 2437 breuia
523 2373 658 2437 dicenda
681 2378 766 2442 sunt.
805 2375 939 2459 gerendi
961 2376 1014 2439 uel
1036 2377 1139 2460 typici

118 2455 217 2519 uerba
240 2457 279 2520 de
301 2457 477 2540 pasticipiis
499 2456 636 2521 diriuata
650 2458 758 2522 fideles
774 2460 891 2542 quique
907 2460 1074 2525 doctorum
1090 2462 1138 2525 ite

117 2539 325 2626 intellegunt,
348 2545 385 2606 ut
406 2542 547 2627 eligendi
570 2543 749 2627 genitiuum
770 2545 933 2628 participii
954 2545 1043 2609 uerbi
1063 2567 1138 2629 pas-

183 2783 207 2831 8.
226 2778 296 2832 Eae.
315 2777 479 2844 Beru.198,
496 2782 531 2832 18
549 2783 574 2832 et
592 2777 674 2832 Laid.
692 2778 788 2843 fi76b:
817 2779 934 2833 Heri-
952 2779 1137 2835 inflectebilia

115 2873 148 2881 -
167 2844 345 2913 ambigimus.
416 2852 455 2900 14.
475 2846 513 2900 el).
531 2850 595 2910 199,
614 2850 661 2899 11:
680 2845 809 2899 Multi—
821 2848 930 2901 faciunt
946 2848 979 2900 ut
996 2863 1065 2918 ergo
1083 2864 1135 2917 pro

115 2925 200 2978 saepe
219 2941 251 2949 —
269 2912 366 2964 Asiani
384 2943 413 2952 -
436 2913 578 2982 sapientes
596 2913 696 2982 legunt
713 2943 746 2953 -
763 2915 878 2970 reversi.

63 3081 67 3087 ’
186 3118 197 3164 ι
218 3111 258 3181 a]
277 3113 309 3164 us
325 3113 354 3167 P
366 3114 376 3181 l
390 3114 432 3168 1f.
451 3114 550 3169 doctor
568 3116 597 3168 a
614 3115 781 3169 adverbium
799 3117 843 3170 est
856 3116 929 3170 aaut
945 3117 1026 3185 uus
1044 3118 1136 3172 nostri

111 3195 165 3234 cua
184 3179 218 3233 N
227 3182 237 3247 ΙΙ
250 3180 335 3233 etiam
350 3194 400 3234 cru.
413 3180 448 3234 N
456 3183 466 3248 ΙΙ
479 3188 494 3235 3
505 3183 524 3239 f.
542 3182 676 3236 adverbia
687 3185 805 3252 propter
816 3202 853 3236 m.
867 3202 895 3237 n.
907 3184 942 3238 N
950 3187 960 3253 ῃ
973 3190 1040 3238 4-6
1053 3185 1135 3240 vel-

115 3281 258 3335 adduntur
275 3296 326 3335 om.
344 3281 379 3334 N
387 3282 426 3350 115
443 3282 487 3351 ut]
507 3284 548 3335 sit
564 3285 592 3337 P
604 3285 642 3403 lxi
654 3263 813 3419 ”fortidsiter
829 3285 863 3339 N
872 3286 882 3353 ΙΙ
896 3286 1069 3340 iminuntur
1080 3288 1108 3342 P
1119 3287 1133 3355 ΙΙ

114 3354 199 3402 8-14
216 3348 521 3403 felicter-laboramus
539 3364 589 3403 oua.
682 3353 741 3406 15f.
765 3353 797 3405 ut
818 3353 915 3406 tamen
937 3369 988 3423 pro
1011 3354 1078 3408 inde
1102 3355 1136 3408 ut

95 3431 185 3532 9292
207 3416 847 3556 rumusculus]uidit
857 3420 1015 3542 {aaa
1032 3420 1137 3476 'm
