2436 3840
422 167 458 221 Il.
487 165 535 219 ΒΕ
552 164 778 220 PRONOMINE.
1051 165 1113 228 129

94 341 180 384 cere:
174 323 230 383 ·et
245 318 426 383 econtrario
443 339 523 401 quae
539 339 693 401 praeponr
683 317 901 400 oportuerat,
918 316 1017 401 inlegi
1019 316 1111 381 ttime

92 407 332 488 postponuntur
359 403 535 467 secundum
559 401 825 466 Gallienum
815 422 849 464 m
879 400 1015 483 quadam
1044 401 1111 483 epi·

93 489 177 586 stola
200 489 410 553 scribentem·
441 490 523 553 sciat
509 488 628 552 tbic
615 508 649 551 ιιι
671 506 734 551 sese
754 487 900 550 uindicat
887 490 963 550 ι.ιιιιι
1002 484 1112 549 debuit

93 573 180 637 enim
203 572 307 636 dicere
329 572 380 637 lu'e
400 574 488 637 sciat.
468 570 674 636 tRectinm
689 591 815 654 quoque
830 570 1019 653 pronissime
1036 570 1110 632 scri·

93 657 221 722 bens‘t
195 679 205 718 1
223 678 242 720 a
207 656 377 720 affatus
400 660 463 720 est:
486 657 515 721 ιε
537 660 607 721 erat
626 657 680 720 uir
701 656 795 721 ualde
817 655 959 719 bouuset
947 655 1111 719 tmosime
1136 673 1149 714 ι

87 742 238 838 prudens
277 745 370 823 oport
356 740 418 804 tuit
447 761 534 823 eum,
563 741 589 803 si
618 739 741 804 cerebri
763 739 812 802 sui
836 760 966 836 compos
987 738 1110 816 fuisset,

92 826 139 889 ila
164 846 344 908 conponere
371 829 439 890 erat
459 826 487 888 ts
513 825 727 890 caldobertus
748 825 811 888 uir.
852 823 946 887 hoc
936 845 971 886 ιιι
992 843 1111 906 prono-

92 909 234 973 minibus
263 909 382 987 fecere,
418 909 504 992 quod
539 909 670 972 etiam
660 931 695 972 1n
725 907 867 991 copulat'
858 908 919 971 ruis
950 908 1112 971 contrario

93 993 187 1056 modo
215 1014 289 1076 sepe
312 996 499 1091 posuerint,
532 1014 667 1076 quorum
695 992 840 1057 ordinem
870 996 1110 1074 corrumpentes

92 1099 152 1160 que
180 1078 319 1176 copulat
309 1100 397 1142 ruam
426 1079 686 1143 coniunctionem
710 1079 926 1161 proponentes
948 1081 977 1141 e
965 1076 1110 1140 tordine
1125 1096 1150 1136 ιι

91 1163 346 1246 postposuerint:
386 1163 471 1227 sicut
503 1162 633 1245 quidam
666 1162 805 1226 Gallus
838 1165 947 1225 noster
981 1161 1109 1244 quidem

94 1247 271 1310 babtizatus
301 1250 415 1311 contre
436 1250 549 1330 gentes
572 1265 671 1330 agens
694 1248 832 1311 adorant
852 1244 964 1328 inquid
987 1247 1110 1326 quidem

92 1333 244 1413 solemque
272 1331 397 1413 ιιιιιαιιι,
427 1351 499 1394 eum
527 1330 690 1395 debuisset
716 1331 821 1395 dicere
850 1331 990 1395 odoraret
1015 1330 1111 1394 solem

93 1416 272 1496 lunamque.
308 1415 544 1480 Torrentius
567 1435 693 1498 quoque
708 1414 912 1478 Terrentrr
936 1414 1019 1477 filius
1036 1434 1110 1477 con·

92 1500 191 1563 traria
206 1501 277 1564 uice
292 1500 399 1583 posuit
413 1501 481 1564 uiri
494 1501 640 1566 mulieres
654 1504 691 1581 et,
715 1499 824 1564 debuit
839 1498 925 1562 enim
941 1498 1151 1562 manifestem

92 1584 195 1648 dicere
218 1586 284 1649 uiri
306 1590 334 1650 et
353 1584 507 1649 mulieres.

178 1668 261 1731 Mult
247 1672 281 1731 ta
303 1670 400 1733 habui
423 1667 606 1733 huiusmodi
622 1689 703 1751 quae
719 1668 873 1732 disserere
888 1667 1024 1750 possim,
1046 1666 1110 1730 nisi

93 1752 169 1834 quia
190 1752 383 1836 perlongum
406 1755 455 1816 est
477 1753 586 1816 omnia
600 1753 803 1832 perscrutari.
841 1753 923 1815 siout
937 1751 1023 1814 enim
1039 1751 1110 1832 quis

93 1835 255 1899 uictorum
282 1837 336 1900 uia
363 1837 530 1934 proposita
550 1777 714 1933 grapdiens,
745 1837 772 1899 si
794 1834 858 1899 alia
880 1835 993 1897 semita
1015 1833 1111 1897 decli·

92 1941 170 1984 nare
192 1920 349 2018 uoluerit,
320 1923 408 1984 tin
423 1941 488 1983 non
505 1940 622 2005 paruas
636 1920 762 1983 itineris
777 1941 826 1983 sur
817 1918 977 1982 incurrit
994 1938 1109 1996 moras,
1124 1940 1149 1979 ιι

91 2004 264 2088 praecipue
286 2006 313 2070 si
335 2005 489 2069 festinare
511 2005 729 2088 proposuerit,
752 2004 799 2068 ita
821 2006 854 2067 et
876 2003 931 2086 qui
951 2002 1110 2066 scribendi
1172 2046 1177 2056 -

91 2090 198 2154 officio
229 2112 261 2154 se
289 2090 423 2171 dedunt,
396 2090 481 2154 tsi
509 2089 613 2172 operis
642 2089 763 2171 arrepti
791 2088 890 2152 iter
881 2088 1018 2172 ingressi
1048 2087 1111 2151 alia

91 2174 177 2238 inter
208 2177 329 2275 scripta
360 2179 553 2258 properant,
590 2173 764 2237 multam
755 2194 791 2236 ιιι
822 2193 917 2256 opere
946 2193 1004 2236 suo
1035 2192 1109 2235 con-

91 2258 292 2340 perendinut'
284 2280 390 2324 ronem
412 2279 542 2323 necesse
565 2257 732 2322 habebunt
752 2257 925 2322 incidere'
915 2277 951 2320 ιιι
972 2259 1108 2332 tantum,

92 2342 251 2404 uttmul
227 2346 269 2406 trs
302 2343 580 2407 interiectionibus
613 2342 776 2440 occupati,
816 2363 912 2425 quam
946 2341 1110 2438 potissime
1123 2361 1148 2401 ιι

91 2425 178 2487 uiam
208 2426 410 2508 gradiantur,
440 2448 458 2489 a
485 2426 649 2491 nonnullis
671 2426 835 2509 incipiat
826 2425 980 2510 ignorari.
1026 2426 1110 2489 unde

93 2513 126 2572 et
146 2509 318 2574 lectoribus
333 2508 424 2572 mult
401 2513 443 2572 trs
457 2530 548 2573 nasci
539 2509 688 2573 uideam
704 2508 886 2591 fastidium,
910 2511 985 2573 dum
1001 2508 1109 2593 longis

92 2593 252 2657 scribendi
281 2594 395 2658 eircurt
371 2593 466 2657 tibus
494 2592 541 2657 fat
527 2593 624 2677 tigati
654 2593 739 2676 cepti
761 2612 874 2656 sensus
896 2592 959 2656 iter
979 2591 1109 2655 tandem

92 2677 271 2744 inueniant.
308 2678 484 2743 rectissime
508 2678 626 2742 etenim
649 2677 765 2761 pedum
787 2678 918 2741 nomine
941 2676 1110 2741 hominum

92 2763 192 2826 animr
184 2762 360 2828 uocantur
359 2785 440 2847 ,qur
478 2785 511 2827 er
523 2784 653 2846 campos
665 2761 909 2859 meditationum
922 2761 1107 2844 sapientiae,
1124 2781 1150 2824 so

91 2848 189 2910 siluas
212 2869 337 2931 quoque
359 2785 757 2912 difficillimarumt
645 2869 742 2931 quaes
743 2847 869 2910 tionum
888 2846 899 2909 i
900 2849 950 2909 ter
964 2848 1063 2930 egent
1064 2867 1108 2928 es,

91 2931 164 2996 fest
141 2936 224 2995 tmat
225 2934 311 2996 ione
320 2954 445 3016 semper
466 2932 698 2998 inmoderata
688 2954 722 2995 m
745 2935 872 2995 tantum
894 2934 930 2994 ιιι
949 2931 1111 2995 lasescent

91 3017 141 3079 die
157 3020 317 3100 noctuque
333 3020 539 3081 utunturtan
498 3019 575 3081 anto
541 3016 748 3081 tdesiderio
764 3016 904 3098 accensi,
920 3018 957 3079 ut
971 3037 1108 3093 sensum,

91 3101 145 3183 qui
169 3100 249 3164 latet
270 3101 322 3165 uel
345 3102 399 3184 qui
422 3100 583 3184 differtur,
607 3102 672 3166 cito
694 3100 840 3165 inuenire
863 3100 1054 3166 desiderant.

160 3292 174 3339 7
198 3287 238 3340 eis
259 3286 317 3355 Nl
307 3288 487 3355 llsquarum
509 3286 561 3354 Nl
556 3288 617 3408 pylo
641 3301 713 3355 quae
731 3286 765 3339 N
778 3288 788 3354 ΙΙ
784 3289 876 3407 lpro
879 3285 1004 3351 onentes]
996 3285 1109 3351 ]·prae

90 3356 225 3420 ponentes
243 3354 308 3408 Mai
320 3356 329 3423 ll
344 3361 373 3408 ll
393 3355 541 3424 pposuerit
600 3355 637 3461 ΙΙ
626 3360 656 3408 19
675 3303 876 3407 declinarin
870 3353 975 3422 'llus
944 3351 1034 3404 offitio
1052 3353 1086 3406 N
1094 3350 1107 3422 ΙΙ

89 3460 122 3508 27
140 3455 223 3509 multi
241 3456 275 3509 N
289 3458 299 3525 ΙΙ
316 3462 349 3511 ‘28
367 3456 454 3510 tande
473 3455 506 3509 N
521 3456 577 3524 1134
595 3455 624 3508 dr
625 3423 725 3510 fertur
742 3454 781 3508 N

142 3549 219 3598 virgil
233 3550 268 3590 od
281 3551 389 3591 Hoerner
894 3544 915 3589 b
