2436 3840
398 164 445 224 IV.
472 165 521 219 DE
539 162 737 220 ADUERBIO.
1016 165 1075 230 157

59 319 293 417 numquidnam
323 316 444 400 poteris
473 317 520 381 ita
542 337 724 398 conponere
745 318 833 382 uouit
854 315 968 381 ualde?
1001 317 1076 380 alio·

61 427 139 488 qum
163 402 324 487 quomodo
346 401 540 466 sententiam
560 400 791 484 intellegetur?
824 399 958 464 dicimus
980 395 1089 465 etiam'

58 494 126 554 tam
147 488 229 553 docti
252 490 284 550 et
306 490 373 551 1111
393 487 520 552 celoces.
561 485 647 549 unde
675 490 707 550 et
734 485 799 566 hii,
830 485 885 568 qui
912 505 980 548 non
1007 489 1077 548 octo

58 573 113 638 sed
147 572 255 656 plures
290 571 445 635 orationis
477 573 587 654 partes
620 590 829 635 annumerare
860 570 989 647 uolunt,
1027 574 1078 632 ad·

57 657 205 721 uerbium
227 656 262 719 in
285 655 364 719 duas
386 659 494 738 partes
516 654 679 738 diuidunt,
702 677 801 719 unam
823 655 928 736 prisco
948 653 1078 717 nomine
1104 676 1116 715 1

57 742 249 806 aduerbium
270 743 439 821 uocantes,
462 740 596 804 alteram
611 740 852 824 expressorium.
890 738 1010 803 etenim
1024 738 1078 801 ad-

57 825 182 902 uerbia,
206 845 289 907 quae
311 824 497 888 nominibus
520 825 572 888 uel
595 823 666 888 aliis
689 823 850 889 aduerbiis
871 822 1077 907 applicamur,

58 931 127 974 non
147 912 214 972 tam
236 909 477 974 adiunctionem
500 909 645 988 solitam,
667 930 764 992 quam
785 929 937 973 sensuum
952 928 1079 991 expres·

61 996 184 1058 sionem
213 993 408 1079 significant.
446 994 632 1058 aduerbium
655 994 806 1058 aduerbio
829 991 986 1056 adherens
1009 993 1078 1057 sine

60 1080 288 1162 conparatione
310 1078 417 1162 aliqua
436 1078 477 1143 ad
500 1078 747 1143 affirmationem
761 1081 889 1141 tantum
904 1077 1080 1160 pertinebit
1093 1099 1118 1138 10

58 1168 95 1227 ut
122 1168 189 1230 tom
216 1164 309 1245 dipae
337 1166 370 1228 et
396 1163 490 1229 ualde
517 1163 656 1228 uiriliter
685 1166 718 1226 et
745 1164 825 1228 11111
844 1162 960 1245 potore.
997 1167 1080 1226 uude

58 1268 124 1312 111
152 1268 291 1330 paruum
321 1250 431 1310 errant
452 1247 508 1330 qui
529 1252 558 1312 et
579 1246 840 1310 coniunctionem
862 1245 1081 1329 copulatiuam

58 1334 289 1415 interponunt,
311 1333 347 1394 ut
369 1332 412 1395 sit
432 1333 511 1396 sotis
533 1336 563 1396 11
578 1331 719 1414 pulchre.

144 1415 378 1480 Aduerbiorum
399 1415 595 1500 significatio
617 1415 806 1480 multimoda
820 1416 877 1479 est.
914 1413 971 1478 sed
986 1413 1079 1478 multi

59 1501 247 1565 existimant
267 1499 357 1564 nulla
371 1500 523 1565 aduerbia
538 1521 577 1564 ex
592 1521 661 1565 sese
675 1500 766 1565 nesci
780 1520 891 1584 posse:
913 1520 990 1563 nam
1005 1519 1079 1562 cunr
1093 1517 1117 1558 rs

59 1585 139 1649 dicis
168 1585 355 1650 aduerbium
383 1585 553 1669 separandi
579 1605 733 1668 seorsum,
764 1585 865 1650 habes
893 1604 1012 1648 nomeu
1042 1605 1080 1647 ex

60 1690 123 1753 quo
144 1673 312 1750 nascatur,
339 1672 376 1733 ut
397 1673 446 1734 est
466 1689 593 1753 socrus,
622 1669 683 1734 hoc
707 1670 833 1753 estqui
855 1690 888 1733 se
910 1669 1017 1751 ipsum
1039 1668 1079 1732 ab

61 1754 204 1817 humano
237 1755 364 1836 separat
397 1753 575 1818 consortio:
609 1753 694 1818 sicut
727 1756 759 1817 et
791 1754 924 1833 1111111,
959 1752 1014 1834 qui
1047 1772 1080 1815 se

61 1839 167 1920 ipsum
188 1837 229 1900 ad
244 1837 388 1901 omnium
410 1857 467 1901 ora
488 1837 631 1902 ostendit
652 1838 741 1901 iuxta
760 1836 840 1900 illud
857 1834 1081 1900 Ciceronis:

60 1924 89 1988 si
107 1923 230 2004 peritas
248 1922 354 2002 fuero,
377 1922 512 1987 odorum
533 1942 583 1986 me
598 1921 721 2001 sociam
735 1921 897 1999 emeritum
918 1921 971 1984 sia
985 1919 1121 1997 1111111

59 2026 170 2073 ceurae
202 2006 342 2089 efficior,
374 2007 494 2078 timens
514 2027 563 2072 me
591 2006 793 2072 conuentibus
818 2005 942 2070 tradere
962 2005 1079 2086 perito-

60 2113 143 2156 rum.
180 2091 277 2157 simul
297 2091 485 2156 aduerbium
507 2090 743 2176 congregandi,
766 2094 798 2154 et
813 2111 852 2154 ex
867 2087 1079 2153 similitudine

62 2177 217 2243 nascitur.

147 2260 243 2323 Multi
264 2260 445 2324 obtendunt
465 2261 560 2326 nobis
582 2259 818 2345 quaestionem,
846 2258 1007 2342 quomodo
1029 2258 1083 2323 ad·

63 2343 146 2406 11111
166 2342 298 2406 111111
319 2364 357 2407 ex
379 2343 537 2409 aduerbiis
552 2347 663 2410 uenire
678 2343 862 2425 uideantur,
887 2347 923 2408 ut
937 2343 1021 2423 beri,
1044 2363 1122 2407 1111

64 2447 127 2509 quo
149 2426 454 2510 1111111111άὶ1,
478 2429 562 2492 unde
584 2429 772 2506 hodiernum
794 2447 883 2509 oros,
905 2428 989 2492 unde
1012 2449 1083 2494 oro·

62 2512 180 2590 stiuam
207 2508 384 2574 debuerant
412 2511 499 2575 enim
528 2512 630 2597 magis
657 2511 810 2576 aducrbia
837 2532 877 2575 ex
897 2512 1083 2576 nominibus

64 2595 164 2662 nasci.
202 2615 299 2677 super
320 2595 383 2659 hoc
405 2597 581 2660 Aeneam
603 2595 767 2660 consulere
789 2616 840 2658 me
854 2595 1005 2677 memini,
1029 2596 1085 2678 qui

63 2680 145 2743 mihi
167 2678 350 2762 respondit,
374 2681 459 2764 quod
480 2681 543 2746 nisi
565 2681 684 2746 usitate
700 2678 895 2745 consuetudo
908 2678 988 2744 haec
1003 2682 1084 2744 tem-

63 2765 150 2848 poris
166 2763 318 2830 aduerbia
333 2785 401 2830 esse
417 2765 611 2849 tradidisset,
628 2764 821 2849 temporalia
834 2764 937 2849 magis
952 2764 1085 2830 nomina
1098 2783 1123 2823 eo

64 2854 96 2913 et
129 2851 319 2932 monoptota
348 2851 506 2916 credenda
535 2851 659 2934 forent,
695 2849 779 2914 unde
807 2850 886 2913 haec
915 2848 1086 2915 diriuatiua

63 2937 279 2998 nascerentur.
318 2936 351 2998 et
371 2957 412 3000 ne
436 2937 486 3000 sui
508 2936 610 3021 ipsius
625 2955 772 3019 promere
788 2934 982 3001 sententiam
997 2934 1085 2999 uide·

64 3023 167 3097 retur,
198 3019 377 3101 aquodam
400 3041 434 3084 se
456 3042 531 3085 sene
553 3021 658 3085 Iulio
680 3020 811 3085 doctore
833 3019 981 3085 didicisse
1003 3040 1086 3084 asse·

102 3287 108 3297 Ι
135 3226 147 3272 1
166 3219 364 3298 numquitnam
383 3221 417 3275 N
423 3223 440 3341 p
457 3222 565 3300 aliquia
587 3221 621 3276 N
635 3237 704 3276 corr.
723 3222 788 3276 Mai
803 3223 846 3301 l.³
864 3221 977 3276 velooet
994 3219 1028 3274 N
1043 3221 1086 3296 115

86 3303 157 3340 risco
176 3291 196 3347 (1
212 3305 246 3342 11
258 3289 285 3356 1)
304 3286 339 3342 Ν
347 3289 385 3356 116
404 3305 422 3342 1
442 3290 603 3343 verbrorum
621 3288 655 3343 N
664 3291 674 3359 ΙΙ
687 3305 879 3359 expresorrum
895 3288 931 3341 N
939 3290 948 3356 ΙΙ
962 3303 1087 3341 cocenim

113 3354 147 3418 cf.
161 3355 291 3424 Except.
304 3356 343 3424 [18
361 3372 474 3411 sensum
491 3357 526 3411 N
538 3371 607 3416 corr.
620 3357 684 3413 Mai
696 3359 705 3426 ss
720 3364 750 3411 11
768 3358 866 3428 pulcre
884 3356 919 3410 N
926 3357 936 3424 ΙΙ
951 3361 982 3410 18
995 3354 1087 3408 adoris

66 3453 329 3524 Naccararum
350 3438 505 3513 debuerant
520 3458 558 3519 N.
