2436 3840
450 151 511 208 vn.
538 151 589 206 us
606 150 738 211 uxum.
1064 155 1107 222 55

84 307 257 392 septimum
280 326 405 371 cessum
426 311 462 371 ut
483 307 608 372 uiuitur
629 305 739 371 armis.
784 309 818 369 at
841 327 916 370 uero
939 309 1105 391 passiuum

83 391 219 456 uerbum
241 391 270 456 si
291 391 345 473 sit,
367 412 485 457 nomen
507 389 650 454 adtrahit
670 391 762 454 iuxta
783 389 863 454 illud
887 389 1034 477 Glengi
1055 395 1105 458 irr-

82 475 233 543 munem
259 499 281 542 a
303 474 461 542 Romanis
485 475 607 559 seritur
635 475 756 540 bellum.
800 476 903 539 multe
930 475 969 540 de
997 478 1106 560 inper-

83 560 191 626 sonnli
211 560 305 625 modo
327 560 434 625 dixere
462 563 602 642 ueteres,
627 580 666 622 ex
688 560 803 642 quibus
824 581 927 644 peuce
948 582 1104 645 promam.

83 645 188 710 multe
214 644 313 710 uerba
343 650 420 710 sunt
446 643 675 729 inpersonalie,
705 644 848 728 quaein
876 646 902 709 lt
930 650 1047 710 exeunt
1069 650 1131 710 uts

83 730 190 796 euenit
215 731 330 797 uccddit
354 731 514 813 continuit.
558 728 613 793 sed
640 729 783 793 haecne
806 728 877 813 quis
899 731 1013 795 tertiae
1035 751 1104 814 per·

83 834 196 965 tlt
214 815 578 983 lllplll'plllnlm
602 813 687 962 llll
706 813 1104 982 qllilmlllmlrllllld

84 982 226 1048 bendum
246 986 374 1067 putent.
417 985 523 1050 aroldo
545 944 687 1065 clntmyo
709 983 818 1048 eureio
839 985 939 1048 uerba
959 984 1104 1069 plenaria
1181 1062 1183 1066 Α

85 1071 172 1133 sunt
214 1068 294 1134 haee
321 1071 430 1133 eutem
456 1067 688 1152 inpersonelia,
722 1069 865 1151 quaein
894 1070 921 1134 u
946 1069 1103 1152 syllabam
1117 1090 1143 1130 ιο

85 1152 172 1218 exire
187 1152 336 1236 diximus,
359 1153 506 1218 datiuum
520 1174 643 1218 cessum
658 1151 832 1216 adsumunt
845 1156 882 1218 ut
896 1155 1012 1219 accidit
1024 1155 1104 1219 mihi

84 1238 158 1321 tibi,
186 1237 245 1304 elli.
290 1241 368 1303 sunt
389 1237 618 1322 inpersonelia‚
648 1258 729 1320 quae
752 1237 787 1300 in
808 1241 838 1302 et
858 1241 992 1321 exeunt,
1021 1259 1103 1321 quae

84 1328 196 1387 temen
221 1343 288 1388 non
309 1324 404 1388 unius
426 1323 555 1408 regulae
577 1324 661 1388 sunt.
705 1321 861 1404 quaedam
884 1323 970 1387 enim
993 1343 1102 1386 eorum

85 1428 107 1473 a
127 1428 199 1473 sese
220 1406 358 1472 ueniunt
378 1411 416 1472 ut
437 1412 554 1491 oportet
568 1407 668 1490 pudet
688 1407 790 1472 taedet
807 1408 946 1488 paenitet
966 1407 1048 1473 deret
1069 1410 1102 1472 et

84 1491 223 1576 relique,
252 1493 400 1578 quemuis
427 1493 579 1576 quosdam
601 1491 756 1556 audierim
778 1491 955 1558 affirmasse
976 1492 1103 1557 nullum
1117 1512 1142 1552 15

84 1576 222 1643 uerbum
235 1577 440 1661 impersonale
455 1598 475 1641 e
489 1599 522 1641 se
536 1576 626 1641 nasei
641 1576 752 1657 solere,
769 1576 824 1641 sed
840 1598 879 1641 ex
895 1576 967 1642 aliis
979 1580 1017 1643 ut
1025 1599 1103 1661 pue·

84 1662 168 1729 m'teo
194 1663 300 1728 uedeo
322 1667 444 1746 opauco
466 1664 499 1726 et
519 1661 653 1745 reliqua.
697 1663 877 1725 esttamen
899 1664 1033 1726 uerbum
1055 1663 1104 1726 in-

84 1746 272 1831 personale,
300 1746 386 1830 quod
414 1746 590 1810 certissime
619 1767 661 1810 ex
689 1745 752 1808 alio
774 1746 919 1810 nascitur
940 1749 977 1809 ut
998 1747 1103 1810 misse·

84 1850 157 1897 reor
181 1831 337 1914 miseeret,
370 1831 455 1915 quod
481 1830 615 1895 uerbum
643 1830 852 1912 praeteritum
879 1833 1006 1914 tempus
1034 1851 1102 1894 non

84 1914 193 1981 habet.
238 1918 317 1981 sunt
347 1915 446 1980 uerba
473 1936 554 1999 quae
580 1918 688 1980 utrum
716 1913 936 1998 inpersonalie
962 1935 1005 1978 en
1033 1935 1103 1997 per·
1116 1938 1142 1977 so

84 1999 211 2065 sonulia
226 2000 303 2083 sint,
326 2001 423 2067 lectio
438 2000 508 2065 sols
524 2001 733 2080 demonstrat,
749 2020 827 2063 nam
841 1999 988 2084 geminae
1003 1999 1104 2084 signi-

84 2083 245 2150 ficationis
267 2106 337 2150 esse
358 2087 537 2151 noscuntur
559 2088 595 2149 ut
610 2085 717 2168 placet
738 2084 835 2149 claret
855 2084 996 2166 displicet
1003 2088 1103 2166 patet.

85 2171 136 2235 est
158 2168 245 2234 enim
260 2170 371 2254 placeo
379 2172 489 2253 places
498 2169 604 2252 placet
618 2173 651 2234 et
666 2169 712 2233 sic
727 2169 828 2234 clareo
843 2169 988 2252 displiceo
998 2174 1102 2252 pateo.

85 2253 114 2319 si
141 2274 220 2340 ergo
247 2254 326 2320 haec
352 2254 590 2320 nominatiuum
621 2275 746 2319 cessum
768 2253 971 2334 admiserint,
1000 2255 1103 2319 mani·
1165 2334 1168 2339 ,

85 2376 290 2387 ⁸——

152 2444 179 2495 5.
189 2438 260 2496 Bru.
272 2439 364 2517 Nune.
374 2453 402 2507 p.
415 2443 464 2494 21:
482 2438 574 2516 llulta
586 2440 650 2518 sunt
661 2439 852 2516 impersonalis
864 2455 892 2491 v.
906 2469 937 2478 -
951 2438 1102 2515 scietuquiu

84 2538 119 2548 —
136 2506 239 2576 putent
255 2506 352 2560 eee1do
364 2536 397 2546 -
410 2522 510 2586 eveum
527 2505 655 2583 pleneme
672 2506 760 2559 verba
772 2535 803 2544 -
815 2507 840 2559 rt
858 2507 963 2558 exeunt
975 2504 1102 2584 dativum

84 2575 326 2711 ffiffddlldtl
341 2574 744 2710 dddlrnamdnffrdlnelsitaerd--l
754 2571 1104 2706 dlseleolaedllerilelslld

83 2739 118 2750 —
135 2708 296 2787 personalis
312 2708 399 2788 lectio
416 2708 594 2787 ssudeelaret
611 2739 644 2747 -
661 2707 757 2786 pleeet
774 2707 900 2786 placeret
916 2721 1057 2759 -essum
1069 2736 1103 2746 -

83 2775 238 2832 hebuermt
254 2792 339 2844 quem
356 2775 512 2831 mfinrtrrus
529 2806 562 2816 —
580 2779 700 2845 apparet
711 2772 899 2846 mpersonehe
911 2804 944 2812 -
956 2775 1101 2842 sequente.

152 2945 198 3000 ef.
216 2946 322 3001 sdtrsit
338 2946 379 3012 P,
402 2945 574 3015 attruhltssfss
591 2945 621 2998 in
638 2944 831 2999 testimonium
849 2945 882 2996 ut
899 2942 933 2997 N
946 2945 956 3012 ΙΙ
969 2943 1013 2999 ef.
1032 2960 1103 2998 non-

82 3013 158 3069 nulli
175 3013 267 3068 multe
283 3013 380 3069 dixere
392 3013 457 3071 dei.
470 3030 506 3066 m.
522 3029 556 3067 ex
567 3013 601 3067 N
610 3014 620 3080 ΙΙ
632 3017 648 3066 5
660 3014 726 3065 sunt
738 3012 853 3078 quaein
865 3012 890 3065 it
899 3012 1046 3066 exeuntN
1054 3017 1101 3068 eet.

82 3083 141 3139 des.
158 3082 169 3151 fl
186 3087 202 3135 6
221 3080 341 3152 contigit
361 3081 397 3136 N
410 3082 420 3149 l
437 3087 452 3136 ‘1
471 3096 530 3135 esse
553 3095 604 3134 om.
622 3079 656 3134 N
664 3080 675 3148 11
691 3080 736 3138 ef.
754 3079 959 3162 lieet-putent
975 3093 1026 3134 om.
1044 3078 1099 3148 ΝΗ

83 3189 100 3241 s
117 3180 241 3238 advenio
260 3182 317 3238 ΡΝ
326 3183 390 3320 llio
407 3181 477 3236 haec
495 3197 520 3235 a.
537 3181 557 3239 i.
575 3196 627 3238 om.
645 3180 679 3235 N
692 3181 702 3249 u
720 3186 750 3234 11
770 3181 799 3234 et
817 3168 915 3235 dativi
931 3180 966 3234 Ν
978 3179 988 3246 ιι
1002 3183 1103 3233 12-14

82 3265 160 3319 quse
177 3249 207 3304 in
226 3250 257 3305 et
271 3250 328 3371 md]
359 3249 473 3372 Mergum
492 3265 510 3302 e
527 3265 587 3304 sese
605 3249 639 3303 N
647 3250 657 3318 ΙΙ
672 3253 703 3302 14
720 3248 801 3302 tedet
811 3248 926 3368 {renitet
937 3246 966 3299 P
978 3250 1101 3314 (suuper)

84 3319 97 3390 ΙΙ
113 3322 216 3373 14-17
233 3317 295 3372 diee
327 3251 370 3371 erit
823 3331 869 3370 ere
881 3315 909 3369 P
921 3316 931 3383 ss
944 3313 1035 3391 elisP
1047 3313 1057 3390 fl
1071 3318 1102 3368 te

80 3385 161 3455 quod
172 3385 439 3454 verbum-tempus
450 3399 501 3442 om.
513 3383 547 3437 N
555 3385 565 3453 l
578 3383 638 3438 rof.
650 3385 716 3437 sunt
728 3385 759 3438 ut
770 3383 865 3450 pleeet
877 3381 959 3436 deret
971 3380 1103 3458 displreet

79 3452 227 3524 petetsed
242 3452 332 3507 oleret
347 3452 381 3507 N
393 3457 440 3511 ret.
454 3467 503 3506 om.
517 3452 572 3520 {122
586 3453 663 3506 caret
674 3452 702 3506 P
714 3452 725 3520 ll
737 3457 771 3507 24
781 3451 835 3504 hee
850 3451 874 3505 P
886 3448 1117 3518 ll'em‘xsennss„

433 3317 554 3386 peneteo
573 3320 603 3372 N
609 3318 617 3353 ¹
631 3316 640 3384 ΙΙ
654 3320 685 3370 16
704 3315 794 3370 solere
