2436 3840
438 161 485 220 ΙΙΙ.
512 160 561 215 Dn
579 160 710 216 UERBO.
1019 162 1079 227 137

64 313 126 377 rito
149 314 260 392 uiclcs‘;
283 317 316 377 et
338 314 383 378 sic
399 316 495 379 clirico
512 317 544 377 et
559 315 676 392 diolci,
701 314 800 396 lcpepo
816 317 848 377 et
863 315 974 396 lepcpl:
996 315 1079 398 quod

65 398 161 461 etiam
183 399 218 462 in
239 398 361 480 primae
377 398 612 483 coniugationis
629 398 878 462 commentatiuo
894 398 971 461 licet
985 399 1079 463 modo

63 483 170 546 uerbis
183 486 344 547 conantur
358 486 500 547 astruere
515 485 551 546 ut
564 503 623 566 pro
638 483 763 547 clamito
779 491 810 546 et
824 484 924 548 accito
940 482 1080 546 habeant

63 568 217 632 clamamo
233 569 265 630 εὴ
278 587 406 646 uococo,
430 568 524 632 etsie
539 566 715 631 secuudum
729 567 938 649 praeteritum
953 571 1080 648 tempus

62 652 258 717 clamomoui
281 655 313 716 et
333 654 495 717 uococouc‘.
529 651 613 734 quod
637 650 713 734 quia
734 651 824 715 nulla
846 651 982 718 ueritate
1008 651 1079 715 sub·
1104 671 1117 712 s

62 736 173 799 nixum
202 739 297 818 atque
326 736 490 800 suffultum
518 739 585 818 cst,
615 756 682 799 non
712 735 752 799 ad
776 737 1001 801 auctoritatem
1025 734 1080 800 sed

63 820 103 884 ad
127 820 369 903 ambiguitatem
392 820 593 886 scribendum
617 824 674 884 est.

149 902 260 968 Solent
288 908 397 969 tamen
424 906 527 970 nostri
554 926 636 988 pene
667 925 777 969 omnes
806 905 841 968 in
862 905 928 968 suis
951 904 1079 987 scriptis

63 991 95 1050 et
123 1009 218 1070 saepe
245 988 344 1052 uerba
372 1010 554 1072 conserere,
585 1011 666 1073 quae
694 989 811 1053 uitioso
834 993 991 1053 consuetu
1012 994 1079 1053 tam

62 1093 81 1134 a
110 1072 271 1137 ueteribus
299 1095 393 1156 quam
421 1076 520 1138 etiarn
547 1096 567 1138 a
594 1072 777 1138 recentibus
799 1073 1008 1155 scriptoribus
1030 1075 1078 1138 in·
1092 1093 1118 1132 10

62 1161 147 1220 serta
170 1160 259 1234 sunt,
283 1158 400 1222 multas
415 1162 452 1222 ut
468 1180 540 1222 reor
556 1158 596 1221 ob
612 1179 739 1222 causas:
763 1157 830 1221 siue
845 1158 931 1221 enim
947 1161 1080 1241 propter

62 1240 165 1322 ipsam
194 1241 329 1386 plifiam,
361 1246 398 1306 ut
424 1242 546 1307 scilicet
572 1241 706 1306 lectores
733 1241 917 1326 inpediant;
952 1243 1019 1306 siue
1045 1248 1103 1319 ut,

63 1325 193 1389 ueniabi
207 1326 256 1388 ius
280 1346 332 1389 eos
355 1347 518 1391 excussam
534 1329 667 1409 propter
682 1325 881 1390 difficultatis
896 1348 1079 1409 pensuram,

62 1409 113 1472 uel
143 1413 228 1473 certe
255 1412 292 1485 ut
320 1409 380 1475 hac
409 1411 598 1476 difficultate
621 1410 820 1476 audientium
843 1432 880 1475 ac
903 1411 1080 1495 legentium

63 1493 189 1558 animos
211 1493 358 1559 incitent.
395 1499 429 1559 et
449 1496 512 1560 hoc
534 1495 628 1560 modo
647 1516 720 1560 cum
735 1517 754 1559 a
769 1494 962 1560 doctissimis
977 1497 1079 1560 nostri
1093 1512 1119 1554 1⁵

60 1579 213 1662 temporis
242 1580 405 1664 magistris
432 1580 512 1645 haec
539 1583 692 1663 usurpata
718 1583 810 1661 sunt,
838 1601 905 1645 non
935 1579 1039 1645 solum
1061 1602 1080 1644 a

61 1662 283 1745 praesentibus
306 1665 517 1746 scriptoribus
540 1663 630 1729 uelut
652 1664 690 1728 ad
714 1664 928 1729 indubitatam
944 1666 1080 1730 auctori-

61 1750 177 1829 tatem,
205 1767 317 1811 uerum
345 1749 442 1811 etiam
470 1771 490 1812 a
515 1748 653 1831 posteris
675 1749 899 1830 suscipientur.
944 1749 1026 1813 sicut
1045 1751 1079 1811 in

61 1830 146 1894 libro
174 1829 367 1915 Falangis
395 1831 559 1896 cuiusdam
581 1830 845 1896 Lacedaemonici
872 1831 935 1895 uiri
962 1832 1079 1896 lectum

63 1919 111 1978 est
141 1915 311 1994 scropscrm
343 1915 427 1999 quod
460 1915 499 1980 ad
528 1916 650 1998 primae
679 1915 917 2000 coniugationis
946 1917 1079 1980 uerbum
1092 1933 1118 1973 ro

61 1999 221 2082 pertinere
249 2021 268 2062 a
295 1999 462 2064 nonnullis
490 2004 639 2083 putatum
667 2005 730 2080 est,
760 2001 836 2083 quia
857 2001 981 2065 scilicet
1003 2003 1080 2064 tem·

60 2084 146 2166 poris
179 2083 280 2149 futuri
312 2085 576 2150 coniunctionem
608 2085 694 2149 modi
726 2085 893 2149 indicatiui
925 2086 1080 2168 temporis

60 2170 239 2250 praesentis
267 2169 338 2235 loco
372 2171 510 2254 scriptor
543 2170 688 2253 inposuit
720 2169 845 2234 dicens:
880 2169 956 2235 baec
983 2171 1079 2250 uobis,

62 2255 171 2331 amici,
206 2256 301 2335 quusi
327 2257 441 2337 populi
474 2257 535 2320 mel
566 2256 659 2338 fillis,
692 2255 856 2337 dllipeeler
887 2256 1020 2320 ernaudo
1052 2259 1081 2320 ct

61 2338 222 2416 scripsero.
267 2359 371 2419 neque
401 2340 487 2402 enim
518 2339 711 2404 credendum
738 2342 788 2403 est
816 2339 947 2404 doctum
974 2340 1079 2403 uirum
1093 2351 1118 2392 2⁵

63 2419 180 2503 (aiunt)
210 2442 283 2484 cum
311 2422 525 2504 copulatiuam
555 2423 817 2488 coniunctionem
843 2424 1079 2506 interposuerit,

61 2524 129 2567 non
157 2503 218 2568 duo
239 2505 428 2587 praesentia
456 2506 553 2569 uerba
574 2505 787 2570 conaffixissc.
824 2507 909 2571 unde
932 2508 1080 2571 etmulti

61 2590 245 2653 nostrorum
267 2589 404 2654 maxime
427 2589 594 2655 Gallorum
623 2591 683 2654 hoc
705 2593 838 2655 uerbum
859 2591 982 2673 primae
1005 2611 1080 2654 con·

61 2673 236 2756 iugationis
259 2695 327 2739 esse
349 2674 538 2758 opinantur,
562 2679 599 2740 ut
622 2675 731 2739 dicant
752 2696 826 2758 sepe
841 2676 1033 2756 scripserant
1048 2678 1081 2738 et

61 2759 254 2839 scripseroto
282 2780 319 2823 ac
347 2761 537 2842 scripseram
559 2764 592 2825 et
614 2762 728 2827 cetera.
765 2761 811 2823 sic
834 2759 931 2823 etiam
953 2759 988 2822 in
1010 2759 1079 2842 qui·
1092 2771 1119 2814 ³0

62 2842 195 2906 busdam
208 2843 411 2908 Gallorum
426 2848 610 2910 nostrorum
626 2845 754 2928 scriptis
768 2845 950 2909 inuenimus
966 2864 1078 2927 cuano,

63 2948 134 2990 cum
158 2948 317 2992 noscano
340 2928 478 2993 scribere
501 2950 700 2994 consuemus.
739 2929 877 3012 denique
893 2927 1079 2993 Bicntius

62 3011 191 3094 quidam
231 3013 434 3094 epistolarem
474 3035 624 3078 exercens
661 3034 794 3077 manum
826 3013 946 3078 talibus
979 3014 1081 3077 utitur

131 3255 144 3300 1
162 3247 264 3320 vinoici
281 3248 315 3302 N
332 3249 342 3316 l
367 3253 397 3302 13
415 3249 480 3302 veni
503 3248 538 3302 ab
561 3247 636 3301 illius
653 3248 687 3302 N
704 3250 714 3317 ΙΙ
737 3254 768 3303 15
786 3249 895 3303 animus
913 3248 947 3302 N
964 3250 974 3316 ll
997 3254 1027 3302 17
1039 3248 1081 3300 in·

62 3316 190 3370 dubitem
207 3316 241 3370 N
250 3317 260 3384 ΙΙ
275 3321 305 3370 18
323 3316 453 3383 posteriis
471 3315 504 3370 N
519 3331 588 3374 corr.
600 3316 665 3369 Mai
677 3317 686 3384 ΙΙ
702 3323 732 3371 19
751 3315 947 3371 lacedominici
964 3315 998 3369 N
1010 3330 1080 3370 corr.

60 3382 124 3437 Mai
141 3385 150 3451 ΙΙ
167 3390 200 3437 27
219 3383 388 3438 conafecisse
406 3383 440 3437 N
465 3382 642 3437 conal'fixisse
659 3399 728 3439 corr.
743 3383 844 3440 Hartel
856 3386 867 3452 ΙΙ
879 3383 1033 3436 multorum
1049 3382 1083 3436 N

61 3466 130 3505 corr.
148 3451 212 3506 Mol
224 3452 234 3519 ΙΙ
247 3457 278 3506 32
297 3450 390 3516 hanno
440 3495 447 3510 .
