2436 3840
413 171 461 249 V..
478 171 526 225 DE
544 170 762 226 PARTICIPIO.
1040 171 1099 238 167

82 327 144 390 duo
167 323 338 409 participia
359 324 456 388 unius
478 344 546 388 0000
568 323 737 406 temporis,
765 327 798 387 00
820 323 892 387 ideo
914 326 1000 387 recte
1022 326 1100 389 scri·

82 410 186 473 bimus
209 412 362 475 oriundus
384 413 468 490 erut,
492 429 557 472 non
580 409 647 475 erit.

167 492 227 558 Sed
250 493 311 558 hac
331 493 437 558 soluta
452 493 652 576 quaestione,
677 492 739 555 alia
752 491 788 555 in
803 491 914 556 eodem
928 492 1099 575 participio

81 579 226 661 suppetit
248 577 408 661 quaestio,
431 598 528 662 quare
551 599 619 642 non
641 577 818 641 scribamus
839 577 1003 656 0000000000,
1026 597 1099 641 cum

81 664 125 726 sit
146 664 258 727 oricus.
296 661 352 746 qui
373 663 546 746 prudenter
567 661 667 726 uerba
689 665 848 726 nonerunt
869 662 1022 739 scribere,
1052 661 1098 725 di·
1125 681 1138 723 0

84 747 292 811 stinctionem
313 747 348 810 in
371 747 520 811 omnibus
542 748 687 824 seruant,
711 747 746 809 in
768 745 871 810 modis
894 748 926 810 et
940 746 1098 829 personis.

82 832 128 895 sic
156 833 242 894 enim
270 831 449 896 declinatur
476 832 562 896 orior
583 833 679 896 oriris
701 832 803 896 oritur
824 833 948 896 orimur
970 832 1101 897 orimiuc‘

81 917 239 981 oriuntur.
282 916 328 980 sic
356 916 450 980 etin
477 917 565 980 omni
593 916 692 980 uerbo
719 915 833 980 tertiae
861 916 1100 1001 coniugationis

81 1001 150 1064 siue
172 1001 346 1083 productae
368 1000 436 1065 siue
458 1001 556 1065 etiam
578 1004 743 1084 correptae
763 1021 787 1066 u
801 1001 836 1064 in
850 1001 947 1065 tertia
961 1022 1101 1084 persona

80 1085 214 1168 pluralis
241 1086 368 1149 numeri
394 1106 519 1169 semper
546 1085 738 1162 adsumitur,
767 1086 1138 1168 utoudu'uutlcpuui,10

80 1173 260 1235 metiuntur.
297 1171 360 1234 hoc
381 1169 470 1251 ideo,
493 1190 570 1233 nam
590 1170 618 1233 si
638 1170 841 1252 escribatur,
863 1170 1006 1234 futurum
1020 1174 1100 1233 tcm-

81 1276 142 1338 pus
165 1254 361 1318 aestimatur.
395 1254 523 1318 uidetur
543 1256 653 1318 tamen
668 1253 748 1318 mihi
763 1255 880 1318 mirum
895 1275 979 1332 csse,
1003 1275 1100 1337 quare

80 1359 148 1402 non
169 1339 215 1402 sic
237 1339 386 1402 scribitur
406 1339 553 1404 oriendus
575 1359 632 1422 per
647 1360 679 1404 0.·
701 1339 841 1404 fortene
861 1339 1026 1424 passiuum
1041 1360 1100 1422 pu-

80 1426 167 1486 tetur
195 1444 264 1487 esse
292 1424 440 1507 uerbum,
467 1425 505 1487 ut
532 1424 687 1507 icpcudus.
724 1444 835 1488 rursus
862 1444 996 1509 quaero,
1027 1444 1100 1488 cum

80 1509 236 1573 oriundus
257 1509 423 1589 scribitur,
451 1528 550 1592 quare
572 1510 671 1573 etiarn
692 1508 727 1572 in
749 1509 920 1593 participio
943 1508 1098 1593 temporis
1113 1526 1137 1567 1⁶

81 1592 259 1676 praesentis
287 1614 355 1656 non
381 1594 428 1656 ita
456 1593 607 1658 scribitur
628 1594 733 1659 0000000
754 1596 909 1659 0000000000.
949 1593 1009 1658 hoo
1032 1615 1100 1658 non

81 1680 130 1739 est
150 1677 431 1755 consuetudinem,
454 1678 518 1741 nisi
533 1678 568 1740 in
583 1677 763 1761 participiis
778 1678 952 1743 uerborum
967 1682 1100 1761 quartae

82 1760 337 1856 coniugationiS,
359 1760 414 1824 ubi
436 1781 493 1843 per
515 1764 587 1824 octo
633 1781 666 1823 00
687 1763 701 1824 i
723 1765 756 1824 ct
774 1762 883 1845 c<in>
896 1763 1099 1826 nominatiuo

81 1865 190 1926 cassu,
212 1865 247 1907 m
270 1844 400 1927 reliquis
423 1842 564 1908 cassibus
578 1845 593 1908 c‘
607 1782 737 1928 dempta
751 1865 767 1909 0
782 1846 815 1909 00
827 1865 851 1909 u
865 1849 1042 1929 ponuntur,
1065 1850 1102 1909 ut

80 1932 130 1994 est
151 1931 219 1994 icus
240 1930 343 1994 0000000
364 1928 410 1992 sic
425 1928 535 2010 quiens
550 1929 711 2010 queuntis,
733 1930 892 1994 transiens
906 1931 1138 1995 transeunica

80 2017 113 2078 00
136 2016 251 2083 cetera.

166 2098 241 2162 Alia
262 2096 357 2162 nobis
379 2097 523 2182 quaestio
544 2096 682 2161 inminet
700 2096 869 2162 solutionis
885 2098 962 2162 satis
978 2098 1100 2181 indiga,

81 2204 179 2267 quare
201 2204 276 2268 sepe
297 2183 482 2247 inueuimus
505 2181 602 2246 scribi
623 2182 775 2248 nanuum
796 2183 966 2249 sedendum
981 2184 1100 2249 0001000-

80 2269 157 2332 dum
184 2268 371 2350 loquendum
378 2316 388 2350 ,
416 2288 488 2332 cum
510 2266 649 2331 neutrali
670 2267 770 2331 uerbo
792 2268 922 2333 nonnisi
944 2267 1006 2332 duo
1029 2289 1100 2353 par·

82 2351 194 2433 ticipia
217 2351 327 2415 uenire
349 2354 576 2433 consuescant,
600 2355 633 2416 00
653 2373 673 2416 0
696 2352 872 2435 deponenti
893 2352 957 2418 tria
971 2356 1099 2417 tantum
1112 2369 1138 2408 2⁵

81 2435 262 2499 trahantur.
290 2435 350 2498 hoc
372 2439 478 2500 autem
498 2435 626 2500 uidetur
646 2437 854 2521 participium
873 2437 995 2522 passini
1009 2438 1100 2503 uerbi

151 2658 191 2710 22.
209 2651 280 2708 Nnc.
297 2653 518 2719 Beru.200,12
535 2659 561 2710 00
579 2653 660 2712 Leid.
672 2655 694 2720 f.
705 2657 764 2708 80¹:
786 2654 852 2708 Alia
869 2655 993 2722 questio,
1013 2671 1100 2724 quare

81 2719 168 2774 scribi
191 2719 335 2790 (seriptum
354 2722 391 2787 L)
414 2722 572 2776 invenimus
594 2737 661 2790 sepe
684 2720 816 2775 standum
833 2753 868 2762 -
885 2722 1048 2777 addendum
1067 2753 1101 2764 -

82 2804 146 2842 cum
170 2803 187 2841 0
208 2788 330 2842 neutrali
352 2789 440 2843 verbo
464 2791 542 2859 (cum
565 2789 771 2843 aneutralium
788 2789 825 2844 bo
844 2791 881 2858 B)
901 2790 1100 2859 -partieipia

81 2856 242 2925 (participio
255 2856 292 2924 L)
312 2858 342 2910 et
358 2872 376 2910 a
393 2856 547 2926 deponenti
564 2855 620 2912 tria
636 2858 749 2910 tantum
782 2856 913 2927 articipiu
924 2858 1020 2913 venire
1033 2874 1099 2914 con·

82 2926 215 2977 suescunt
236 2924 481 2993 (consuesslflcunt
502 2926 554 2994 Β).
593 2924 718 3002 0001000
741 2873 780 2978 ad
800 2924 991 2994 iupersonalia
1012 2926 1101 2981 rerba

82 2989 275 3057 referendum,
302 3006 421 3059 quorum
445 3008 518 3070 quae
541 2991 732 3061 praediximus
758 2993 825 3045 sunt
845 2993 1100 3063 inpraesentiarum

83 3057 343 3126 (inpresenitiarnm
359 3057 412 3126 B):
437 3058 714 3128 ‘inpraesentiarum’
734 3061 798 3127 (om.
816 3060 853 3124 L)
877 3090 909 3100 -
932 3061 1100 3116 adverbium

81 3124 239 3247 0000000010
263 3125 307 3178 est
324 3125 386 3193 (000.
405 3126 441 3192 L)
460 3131 493 3180 00
509 3127 676 3195 praesertim
694 3127 870 3195 (praesertim
886 3128 937 3196 B).
965 3130 1002 3194 cf.
1020 3129 1100 3194 iufra

151 3402 166 3450 2
185 3397 248 3467 erit]
267 3413 302 3451 cu
319 3399 380 3451 0000
397 3396 431 3451 N
445 3398 455 3465 ΙΙ
475 3402 503 3450 11
522 3395 577 3450 nisi
594 3395 628 3450 N
642 3409 711 3454 corr.
724 3396 790 3450 Mai
802 3399 811 3466 ΙΙ
831 3402 862 3452 13
879 3398 952 3451 forte
970 3412 1005 3450 00
1024 3397 1099 3452 forte

83 3460 117 3514 N
126 3463 136 3530 ΙΙ
150 3468 181 3517 18
198 3479 250 3531 000
267 3465 287 3534 i]
305 3465 369 3529 fort.
388 3481 440 3533 pro
458 3465 491 3533 iii
503 3464 533 3517 in
550 3463 617 3518 cdd.
636 3463 701 3518 Mcu'
713 3465 723 3532 ΙΙ
739 3471 768 3519 19
786 3466 933 3535 pununtur
950 3464 987 3522 N.
