2436 3840
144 125 186 190 80
376 125 530 181 VIRGILII
547 126 713 182 MARONIS
730 124 928 181 EPITOMAE.

143 280 270 361 eupiter.
308 278 385 342 item
408 284 585 362 persectam
607 300 735 363 prosam
758 280 804 344 sio
818 279 897 342 feeit
913 279 987 342 lorr-
1004 281 1160 360 comtemp-

143 368 193 428 toe
215 365 368 444 peeorioe
397 365 460 428 olo·
489 365 524 429 iri
557 366 644 430 ommi
669 365 830 429 molimine
858 363 909 427 ·li·
932 382 993 443 per
1021 382 1162 428 aurorem

138 449 354 530 philosophiae
378 448 440 512 lis·
463 450 559 514 meriti
580 451 634 532 piet
647 451 749 530 perite
770 447 833 512 hoo
855 450 905 510 est
926 445 1110 512 laudabilis.

227 531 463 596 Torrentius
486 537 608 597 motato
632 554 719 597 more
742 532 898 614 syllabam
921 552 960 594 ex
982 529 1043 594 hoo
1065 553 1162 596 uersu

116 616 274 680 strahens
296 620 329 680 et
351 638 389 680 ex
411 616 468 679 illo
491 618 588 681 aliam
610 618 661 681 uel
684 617 902 681 commutabat
922 615 975 678 uel
995 615 1163 681 minuebat

142 706 237 785 atque
260 701 398 765 addebat
419 701 594 765 seeundum
616 702 696 765 illud
719 707 859 784 temporo
882 720 974 782 poue
995 720 1055 763 ro·
1066 721 1159 783 prae·

141 805 235 851 soom
255 806 312 850 soo
333 787 391 851 sol
413 787 484 851 iore
504 788 599 870 Jimem
620 788 748 868 limitem
762 787 824 851 sili
840 789 934 849 root·
951 785 1065 849 moedi
1079 805 1162 850 eom-

137 891 221 953 pope
252 875 375 936 stolato
410 871 472 933 hoc
507 875 556 933 est
591 876 749 952 quaerum
781 875 923 951 temporo
953 870 1162 950 praefinitum

141 955 245 1036 [irem.
279 955 358 1018 item
381 953 474 1034 fortis
495 975 597 1020 emsem
617 955 742 1020 Aeaeos
758 956 840 1036 forte
854 954 1009 1036 portolat
1035 954 1071 1017 ire
1095 975 1161 1020 mu·

104 1038 224 1121 ropelto
245 1039 345 1120 teleos
368 1059 440 1103 mo·
465 1044 534 1105 mlo
556 1040 617 1104 telo
640 1040 741 1120 testim
762 1039 908 1104 oioeebot
935 1035 1021 1122 quod
1043 1037 1089 1102 sio
1112 1044 1162 1102 est

142 1142 245 1188 erosem
278 1125 314 1187 io
342 1144 443 1188 murm
464 1125 627 1205 portolot.
672 1122 795 1187 Varro
829 1142 955 1206 quoque
991 1121 1101 1186 literas
1130 1121 1163 1186 X

141 1229 251 1271 uersus
273 1211 397 1271 motare
419 1208 508 1272 uisus
530 1212 580 1272 est
600 1230 658 1291 per
680 1209 777 1272 denos
800 1207 975 1271 seeundum
997 1205 1077 1269 illud
1096 1209 1161 1272 mti-

141 1313 233 1371 mom,
268 1312 285 1356 o
316 1294 397 1374 oiri,
431 1294 566 1358 clolorem
596 1314 656 1375 pro
687 1295 800 1358 uestris
830 1290 879 1355 ·P·
907 1292 988 1355 simet
1014 1311 1075 1373 pro
1104 1311 1163 1357 suo

139 1378 281 1460 pmetrirr
305 1387 401 1457 puoto
427 1379 560 1442 sustinet
587 1378 660 1441 ·A·r
688 1379 759 1459 quis
786 1377 869 1441 emim
895 1375 974 1455 forti
993 1395 1059 1440 mom
1081 1376 1163 1442 dolet

104 1481 129 1520 rs
145 1462 244 1525 omieo
262 1460 320 1539 41,
337 1480 407 1524 eom
422 1481 492 1525 eom
506 1463 541 1526 io
556 1463 662 1526 mollis
675 1462 785 1526 mirleot
797 1462 913 1526 iniuste
927 1460 1067 1540 torqueri
1084 1459 1163 1526 ·E·?

141 1565 198 1609 our
226 1563 297 1626 erpo
324 1565 364 1608 rie
388 1564 446 1609 uos
474 1546 597 1626 periclem
624 1546 681 1610 loe
707 1547 786 1609 iusto
814 1545 927 1610 miritis
954 1543 1160 1626 offeotm·1l·,

140 1629 255 1692 uestris
283 1631 319 1692 ul
338 1649 402 1710 pro
429 1634 569 1695 uestram
595 1631 654 1694 rito
681 1630 841 1695 looriotis
867 1647 979 1695 aarum
1003 1627 1054 1692 ·Ε·
1078 1631 1161 1695 redi·

141 1713 277 1796 merlis,
300 1732 376 1794 quos
397 1715 512 1795 iniquo
526 1716 734 1797 proripuerat
750 1714 876 1796 proeolu
899 1712 960 1777 M·
976 1713 1162 1794 iniquorum

141 1799 270 1880 ditiori,
292 1799 379 1879 plebi
399 1799 632 1881 superbirem?
667 1798 707 1862 ·I·
737 1799 803 1863 moli
824 1800 931 1879 itaque
951 1801 1065 1862 uestris
1084 1819 1160 1881 par·

103 1901 129 1941 20
142 1904 207 1948 rere
234 1884 358 1948 dimitiis
381 1883 453 1963 ·N·‚
483 1904 554 1948 eom
579 1885 622 1949 sit
647 1885 750 1966 mepte
777 1884 896 1947 cummis
923 1882 1023 1947 bonus
1050 1883 1162 1964 opibus

142 1969 263 2033 omioms
286 1967 336 2031 ·I·'
365 1966 418 2031 hio
446 1968 584 2051 primum
614 1968 762 2031 dictionis
784 1966 918 2030 uerbum
938 1981 1162 2032 ΡΑΤΕΒΕΜΙΝΙ

142 2054 276 2116 scissum
311 2054 368 2115 est.
412 2073 479 2115 non
508 2072 585 2136 ergo
613 2072 735 2116 nouum
762 2055 911 2134 putemus
939 2071 1009 2114 esse
1039 2072 1161 2117 morem

141 2134 306 2199 scindendi
333 2133 426 2215 fona,
456 2156 527 2198 oum
554 2137 731 2219 antiquitus
759 2136 873 2201 solitus
895 2135 939 2200 sit
960 2134 1045 2218 fieri,
1077 2136 1161 2220 quod

142 2218 192 2282 his
221 2221 420 2301 compertum
451 2240 519 2283 esse
548 2221 683 2304 poterit,
712 2221 767 2304 qui
795 2220 897 2303 scolas
919 2218 1051 2285 Italicas
1074 2224 1159 2286 totas

103 2323 129 2362 as
142 2301 398 2386 Affrioanasque,
429 2303 527 2368 immo
554 2306 589 2368 in
612 2326 810 2388 quacumque
831 2305 900 2389 poli
921 2308 1014 2388 parte
1060 2307 1161 2370 ositos

141 2386 258 2451 latinas
285 2387 497 2471 perlustrent:
532 2410 551 2452 a
579 2390 693 2473 quibus
721 2391 805 2454 solet
835 2389 932 2453 etiam
960 2388 1026 2453 aliu
1076 2391 1161 2456 sein·

142 2471 238 2536 dendi
261 2493 361 2558 genus
384 2472 524 2554 adsumi,
548 2477 585 2538 ut
607 2496 646 2538 ex
668 2474 792 2538 duobus
807 2473 894 2538 fonis
910 2494 990 2558 quae
1007 2474 1160 2560 coniungi

142 2558 296 2643 debeant,
330 2561 494 2641 assumpte
528 2580 567 2623 ex
600 2566 735 2643 utroque
763 2558 888 2642 syllaba
917 2557 1022 2641 prima
1057 2581 1159 2624 unum

139 2642 276 2707 saciatur
296 2641 424 2721 forrum,
457 2643 552 2707 sicuti
574 2665 647 2708 oum
669 2645 810 2709 ordimem
832 2664 871 2707 ao
891 2643 986 2728 fidem
1010 2644 1159 2709 uolumus

102 2747 128 2788 eo
141 2728 288 2810 edocere,
310 2729 371 2810 orpt
392 2730 552 2792 succincte
571 2729 767 2793 nominatur.
805 2728 883 2793 item
906 2748 978 2792 oum
999 2729 1105 2795 mitam
1123 2750 1160 2794 ao

210 2915 222 2962 1
242 2914 398 2977 perrectum
416 2928 528 3032 pprsam
545 2913 590 2978 N,
611 2912 647 2978 of.
670 2911 712 2966 W.
730 2912 839 2982 Meyer,
858 2912 960 2967 Lmlm
977 2912 1012 2968 de
1028 2913 1158 2968 Antielrr.

137 2993 167 3046 p.
183 2981 218 3032 76
234 2979 244 3045 ΙΙ
261 2983 276 3030 2
295 2979 400 3042 omnib,
466 2981 507 3049 116
525 2982 654 3050 tempore
672 2980 706 3034 N
720 2981 730 3049 ΙΙ
748 2986 762 3033 'l
781 2980 835 3034 sibi
852 2981 916 3035 rtnt
932 2980 966 3035 N
1001 2986 1030 3035 10
1048 2980 1161 3060 testim]

142 3044 242 3100 vertim
259 3044 304 3106 N,
323 3062 361 3098 am
379 3049 508 3100 vertens?
522 3050 532 3117 ΙΙ
546 3054 578 3102 14
595 3047 758 3102 sustenitN
767 3048 776 3116 11
789 3048 866 3129 forti]
899 3050 959 3103 orte
1013 3062 1083 3107 eom.
1095 3048 1160 3102 Moe

140 3112 245 3234 H'delet
261 3112 295 3166 N
309 3126 378 3168 corr.
396 3113 460 3192 Mei
472 3115 482 3183 ΙΙ
497 3121 526 3170 l‘l
544 3115 659 3169 aurietis
670 3116 705 3169 N
713 3131 781 3170 corr.
801 3116 865 3170 Mor
876 3066 997 3186 fgazam
1014 3115 1080 3170 Mar
1092 3117 1103 3185 ΙΙ
1115 3132 1158 3172 re·

160 3181 360 3237 1mend1soorr.
373 3180 437 3233 Mor
449 3182 459 3249 ll
474 3188 504 3236 19
516 3184 709 3253 superventum
720 3183 764 3249 N,
782 3183 921 3252 superbae
934 3183 1016 3237 datos
1027 3182 1093 3238 Mas·
1104 3185 1115 3254 fl
1128 3191 1160 3239 20

140 3282 235 3337 uvius
247 3282 281 3336 N
313 3287 345 3335 22
363 3261 492 3349 prame
509 3283 543 3336 u
557 3284 567 3352 l
585 3291 617 3338 22
627 3285 646 3339 f.
664 3301 742 3340 more
760 3284 849 3338 sonu
867 3285 962 3339 ronam
979 3298 1050 3339 corr.
1067 3285 1158 3356 uram

139 3356 173 3403 24
189 3350 277 3405 scalas
331 3351 341 3418 ΙΙ
354 3354 387 3402 26
399 3347 491 3402 solent
502 3350 536 3403 N
544 3353 554 3420 ΙΙ
567 3357 600 3406 30
611 3352 663 3406 orfi
675 3353 815 3407 succincte
825 3353 937 3420 scripsi,
955 3351 1064 3406 ortessu
1075 3355 1159 3408 eante

138 3417 182 3482 N,
203 3416 308 3486 Orphei
325 3419 424 3471 cantus
441 3416 513 3472 Mai.
