2436 3840
118 191 159 257 38
352 186 506 242 VIRGILII
523 185 688 243 MARONIS
706 186 903 245 ΕΡΙΤΟΜΑΕ.

116 343 204 426 polus
222 342 309 424 polus
327 340 411 423 pclai
430 341 535 424 polum
554 341 642 422 peius
660 342 741 425 polu,
764 362 831 405 non
853 342 898 406 sic
919 343 991 426 polu
1010 343 1083 425 polu
1106 347 1141 408 et

119 431 233 493 cetera.
279 429 356 489 sunt
383 427 439 509 qui
466 425 577 489 dicunt
583 473 592 507 ,
622 427 698 509 quia
719 427 882 492 unicornis
903 448 1029 510 semper
1051 427 1140 493 flecti

118 512 212 576 debet
265 531 324 574 nor
362 514 470 574 autem
511 510 696 574 inuenimus
736 513 909 576 uuicuuus
948 515 981 576 et
1020 514 1139 578 cetera.

119 559 284 662 sciendum
314 615 405 678 sane,
440 594 525 677 quod
557 595 661 659 omnis
693 595 933 679 monosyllabae
963 596 1139 662 declinatio

107 680 240 764 :duplici
262 679 460 743 nominatiuo
483 682 592 743 utatur
614 683 651 744 ut
666 678 755 762 plebs
769 681 872 763 plebis
887 684 919 745 et
934 682 1139 748 nominatiuo

113 767 222 849 plebis,
245 784 300 829 urs
322 766 355 827 et
377 765 467 844 uitia,
492 765 544 829 bos
559 768 591 829 et
606 765 705 830 bouis.
734 768 783 829 est
798 765 878 829 aliut
898 787 1026 846 nomen,
1051 768 1140 850 quod

118 849 275 933 duplicem
304 848 553 913 declinationem
582 849 804 933 duplicemque
827 850 1017 933 qualitatem
1038 850 1140 917 habet

117 938 152 998 ut
179 953 241 998 uus
268 935 361 998 auris
381 935 458 998 nuri
479 954 591 999 aurem
613 937 645 998 et
666 933 798 1016 reliqua.
844 937 892 998 cst
914 938 1029 1002 etuas
1049 938 1140 1002 notis

116 1020 319 1085 natinatores
345 1038 407 1084 aas
432 1019 512 1084 uoti.
557 1021 681 1082 ueteres
711 1018 878 1103 dicebant,
911 1021 995 1103 quod
1027 1022 1140 1086 omnia

79 1118 104 1158 1⁰
117 1103 276 1168 foramina
303 1103 445 1186 corporis
473 1122 535 1169 nus
557 1102 731 1172 dicebatur.
773 1105 820 1170 sol
841 1108 978 1187 utroque
1000 1126 1138 1171 numero

116 1189 202 1253 flecti
224 1208 292 1252 non
312 1186 516 1271 prohibetur,
539 1188 595 1252 sed
617 1187 775 1286 singulari
796 1210 929 1253 numero
957 1190 1004 1255 sol
1030 1190 1139 1274 ipsum

116 1273 273 1337 luminare
295 1270 356 1336 crit
388 1275 439 1337 ast
459 1273 536 1340 soles
550 1273 638 1356 ipsos
654 1275 721 1338 d1es
735 1273 949 1357 nominamus,
970 1274 1137 1358 inquibus

117 1358 165 1422 sol
194 1360 297 1421 totum
319 1357 353 1421 in
368 1358 494 1422 nminat
515 1357 638 1440 polum.
683 1358 833 1422 nonnulli
856 1362 966 1423 tamen
988 1363 1138 1425 ueterum

115 1443 186 1525 ipsa
201 1441 343 1505 carmina
357 1442 434 1507 soles
448 1441 666 1521 ncminauerc,
689 1443 773 1507 sicut
787 1441 979 1508 Horatius
994 1444 1030 1507 in
1045 1445 1137 1529 prin-

80 1539 106 1580 15
119 1527 204 1609 cipio
228 1524 394 1589 cuiusdam
414 1525 588 1590 uoluminis
610 1526 718 1591 taliter
740 1548 868 1592 exorsus
891 1531 939 1592 est
960 1529 1039 1594 soles
1053 1551 1138 1597 occos

116 1611 203 1676 omui
224 1609 508 1677 reclusae-uestrae
529 1612 716 1676 commendo.
760 1616 836 1677 sunt
858 1614 955 1677 etiam
978 1613 1136 1697 quaedam

183 1838 207 1885 3.
225 1829 262 1884 ib.
291 1827 443 1884 Sciendum
466 1833 508 1885 est
530 1846 597 1886 sane
616 1831 692 1898 quod
710 1833 800 1885 omnis
817 1831 927 1900 syllaba
945 1831 1135 1888 declinatione

115 1898 221 1966 duplici
238 1897 404 1952 nominativi
422 1898 519 1952 utatur
536 1900 618 1951 nt-
634 1896 824 1952 nominativus
841 1898 945 1967 plebis,
965 1899 1021 1966 bis,
1042 1917 1087 1954 ars
1106 1904 1136 1956 et

115 1965 195 2031 artis,
213 1965 264 2019 bos
282 1966 311 2019 et
328 1965 417 2021 bovis.
448 1965 500 2019 Est
517 1968 547 2019 et
564 1995 595 2004 —
613 1982 712 2020 narem
731 1965 784 2033 rlq,
804 1996 835 2005 -
854 1966 1028 2024 dicebantur.
1094 1975 1134 2024 10.

114 2033 183 2092 Erro.
201 2033 293 2087 Nunc.
309 2048 338 2099 p.
357 2036 404 2086 19.-
434 2031 482 2086 Sol
503 2035 623 2100 utroque
645 2049 762 2087 numero
785 2032 862 2087 flecti
883 2051 940 2088 non
958 2034 1134 2103 prohibetur,

114 2102 164 2156 sed
191 2101 232 2154 sin
253 2098 326 2154 ulari
352 2115 470 2153 numero
493 2100 534 2153 sol
555 2101 649 2167 ipsum
667 2139 697 2154 ..
718 2100 903 2159 ..ecclesiae
925 2104 1037 2156 vestrae
1060 2119 1135 2158 com·

113 2169 217 2222 mando
234 2118 292 2220 loc
315 2166 390 2219 enim
408 2169 490 2221 sonat
511 2167 637 2221 carmina
658 2183 730 2221 mea.
784 2169 926 2246 effutiam
946 2168 1045 2226 Reduc
1064 2173 1136 2227 crib.

109 2251 141 2303 p.
165 2238 232 2299 289,
259 2237 293 2288 33
318 2233 360 2286 K:
397 2233 445 2288 Sol
470 2236 590 2303 utroque
616 2250 733 2289 numero
761 2236 932 2304 dechnatnr,
964 2237 1013 2292 sed
1041 2237 1136 2309 singu·

113 2303 212 2356 lariter
224 2302 267 2356 sol
283 2331 314 2340 —
330 2301 472 2368 significat
489 2303 520 2357 at
532 2333 563 2343 —
576 2302 618 2356 ita
636 2318 748 2358 exorsus
761 2333 793 2342 -
806 2305 981 2359 commendo.
1017 2303 1081 2360 Fra
1126 2352 1133 2367 ,

113 2370 204 2428 Mout.
231 2368 276 2434 (cf.
305 2371 395 2439 app.):
429 2369 476 2425 Sol
506 2370 536 2422 in
562 2371 681 2437 utroque
711 2402 740 2412 -
767 2370 842 2425 flecti
872 2387 929 2427 non
959 2372 1078 2441 prohibe
1093 2391 1133 2441 ar,

114 2437 164 2491 sed
179 2436 320 2558 Singulari
341 2455 458 2493 numero
476 2438 518 2492 sol
536 2467 568 2479 -·
587 2439 681 2492 ast-
699 2439 809 2493 veteres
826 2468 859 2478 —
878 2439 990 2494 Oratius
1008 2469 1041 2480 -
1060 2457 1135 2495 com·

113 2521 178 2560 men
199 2521 223 2561 o.

182 2710 225 2763 1f.
243 2726 299 2764 non
311 2710 360 2776 sic]
379 2725 435 2763 non
453 2711 492 2763 cis
509 2709 538 2763 P
550 2709 589 2776 114
606 2707 761 2777 sciendum]
785 2708 860 2763 scien
878 2725 913 2764 ea
930 2711 995 2764 sunt
1011 2711 1041 2765 P
1052 2713 1063 2780 1
1075 2727 1134 2767 mo-

113 2789 264 2888 nosynabt'
277 2811 305 2864 P
316 2811 326 2879 1
339 2809 525 2888 uenationes
536 2808 617 2879 uns
635 2808 748 2887 nomina
766 2811 794 2865 Ρ
806 2811 816 2878 p
829 2810 926 2880 utatur
943 2812 971 2865 P
983 2812 993 2879 1
1005 2814 1134 2894 nonina:

113 2879 154 2933 tro
172 2878 200 2931 P
216 2878 225 2944 11
244 2884 259 2931 6
276 2878 367 2945 plebis
384 2879 414 2933 et
430 2894 480 2932 aas
497 2876 527 2931 N
544 2883 592 2934 cet.
609 2891 662 2931 om.
681 2878 691 2944 1
708 2878 772 2931 blus
789 2878 818 2931 P
835 2879 845 2946 11
861 2877 905 2932 af.
924 2893 962 2931 na
979 2881 1056 2933 nast1
1072 2885 1134 2936 nati

113 2978 210 3032 uatem
227 2978 300 3032 nasti
318 2978 357 3045 P,
379 2995 432 3033 nas
453 2980 528 3033 natis
545 2979 605 3032 nati
622 2979 720 3032 natem
738 2977 773 3032 N
785 2980 796 3046 11
814 2984 845 3033 10
862 2957 985 3034 ulmeto
1003 2982 1031 3048 (o
1050 2985 1133 3048 eras.)

112 3080 153 3145 P,
173 3059 260 3147 utriq3
283 3079 315 3134 N
331 3081 341 3149 11
356 3095 475 3134 numeru
498 3080 532 3134 N
536 3082 542 3115 ¹
556 3080 566 3148 11
580 3085 609 3134 11
629 3079 856 3135 flecti-numero
878 3096 912 3136 ca
928 3082 1064 3137 testimon.
1083 3084 1134 3138 ad·

113 3146 190 3214 didi,
209 3162 259 3204 om.
277 3148 305 3202 P
321 3149 331 3216 11
339 3153 403 3215 post
418 3163 535 3203 numero
551 3163 607 3202 raa.
623 3150 694 3202 5-6
711 3147 764 3201 titt.
782 3149 815 3203 iu
830 3147 874 3214 N,
892 3148 990 3216 quiin
1007 3166 1071 3205 mur
1096 3152 1134 3207 'aa

113 3215 192 3272 babet
213 3215 370 3270 declinatur
392 3216 442 3270 sed
464 3215 645 3283 singulariter
665 3215 757 3282 ipsum
780 3214 918 3270 luminare
940 3215 963 3270 si
984 3217 1068 3273 nifica
1104 3221 1134 3274 at

112 3282 261 3351 pluraliter
288 3284 413 3351 requitur
434 3298 488 3337 rac.
507 3283 682 3337 10-121irt.
700 3283 711 3350 11
729 3283 787 3336 las.
811 3284 841 3336 in
872 3234 1058 3340 :brsolntum
1077 3287 1106 3341 P
1119 3290 1132 3356 11

114 3356 145 3405 13
163 3353 259 3405 tamen
278 3355 405 3405 veterum
424 3365 474 3403 ora.
491 3351 526 3405 N
538 3351 547 3418 11
568 3357 597 3404 14
614 3351 817 3405 nominavere*
832 3300 867 3406 N
908 3351 1015 3408 oratius
1032 3354 1063 3409 P
1077 3355 1088 3424 1
1102 3360 1134 3409 16

112 3434 189 3474 meos
211 3435 245 3474 ca
266 3434 346 3472 meus
368 3419 417 3486 Ρ11
426 3422 489 3484 poet
511 3433 589 3473 meos
611 3434 666 3474 roc.
684 3422 753 3472 4-5
775 3419 830 3473 litt.
886 3352 956 3487 Ι1116
979 3421 1076 3474 omnia
1094 3421 1132 3488 N,

107 3487 244 3540 omniaP
250 3488 265 3554 11
276 3484 404 3540 aclesiae
413 3487 442 3541 P
453 3487 463 3555 11
476 3486 544 3542 cido
553 3487 581 3540 P
593 3487 603 3554 11
618 3491 648 3539 16
657 3485 687 3541 ff.
701 3488 766 3541 sunt
775 3486 1024 3543 etiam-vassibus
1032 3504 1084 3545 oar.
1092 3489 1132 3544 N.
