2436 3840
117 180 176 243 106
340 175 494 231 VIRGILII
512 176 678 232 MARONIS
696 177 904 232 EPISTOLAE.

200 329 289 394 Haec
323 329 432 392 eadem
466 329 652 395 uaticinatio
680 331 715 394 in
743 329 793 394 his
822 351 909 394 nunc
936 331 1134 415 temporibus

114 416 241 479 uidetur
264 435 331 478 esse
355 415 518 497 conpleta,
542 436 614 478 cum
630 414 695 479 sole
710 415 766 479 illo
783 436 851 480 non
865 416 1036 498 temporali
1051 421 1133 498 orto,

115 501 169 565 sed
199 520 274 563 uero
304 501 337 562 ct
365 499 524 582 perhenni
551 499 619 562 filio
651 500 716 580 dei,
749 500 869 563 fiumen
896 499 975 562 illud
1004 501 1135 565 uineum

116 586 294 668 scripturae
318 584 463 647 caelestis
487 604 540 648 cor
561 583 702 648 hominis
724 584 786 649 hoc
809 588 858 647 est
879 584 978 648 totius
1001 585 1135 651 humani

90 670 243 754 rgeneris
266 668 469 732 laetificantis
492 668 581 732 omni
603 668 730 733 influxit
750 673 870 733 terrac:
895 670 946 733 cui
969 690 1069 753 aquae
1091 673 1134 735 ri·

114 755 208 818 uulus
236 753 269 817 id
297 756 345 817 est
366 752 589 837 philosophiae
611 753 645 817 id
667 756 716 817 est
738 750 970 837 eloquentiola,
998 776 1080 838 quae
1103 760 1135 820 et

114 840 185 923 ipsa
207 838 318 902 uinum
341 837 455 902 effecta
477 841 540 920 est,
563 838 739 921 scripturae
762 840 916 902 ammixta
932 839 1077 923 caelesti,
1100 842 1135 904 in

115 945 178 1007 quo
206 923 338 986 flumine
366 922 460 986 uituli
485 926 518 986 et
544 922 623 1006 agni
644 923 775 1000 ludunt,
804 925 936 986 iuuenes
959 924 1081 988 scilicet
1103 930 1135 989 et

115 1007 250 1091 pennati
272 1007 418 1071 sensibus
441 1009 638 1091 ouantesque
666 1006 898 1091 epithalamion
923 1007 1074 1091 cytharae
1098 1031 1135 1073 ac

76 1112 102 1151 ιο
115 1093 142 1157 si
169 1092 333 1156 modolatu
362 1096 576 1176 congruenter
598 1095 734 1176 apteque
757 1092 945 1176 decantant,
973 1093 1135 1177 nuptiales

115 1179 238 1242 scilicet
264 1177 532 1242 seratissimorum
567 1179 680 1241 cantus
712 1178 935 1241 conuiuiorum
961 1182 1133 1260 ponentes:

115 1283 252 1346 quorum
279 1283 356 1327 uoce
385 1263 495 1327 au'dita
524 1262 647 1327 caelum
669 1264 701 1325 et
722 1265 809 1326 terra
830 1261 989 1345 spiritales
1011 1262 1135 1327 scilicet

115 1351 148 1412 et
170 1348 313 1412 carnales
335 1347 482 1412 homines
504 1349 648 1431 gaudent
670 1348 703 1410 et
724 1347 938 1430 gratulantur.

201 1432 345 1508 Quorum
377 1453 476 1510 unus,
510 1432 693 1515 gratissime
727 1451 764 1494 ao
797 1430 1004 1495 dilectissime
1035 1431 1136 1495 frater

78 1534 102 1573 1⁵
115 1516 177 1582 Iuli
206 1517 354 1594 diacone,
383 1517 558 1598 scripturae
581 1515 709 1579 diuinae
740 1517 772 1579 et
795 1515 939 1580 caelestis
967 1515 1134 1580 doctrinae

114 1601 342 1666 iocundissimo
368 1600 547 1664 inebriatus
576 1601 652 1664 uino
675 1621 811 1683 paruum
834 1620 960 1683 quoque
982 1599 1070 1663 hunc
1092 1601 1133 1663 ri·

114 1686 225 1750 uulum
257 1684 501 1769 philosophicae
534 1684 711 1768 sapientiae
743 1685 778 1748 in
810 1687 937 1750 tantum
966 1683 1048 1749 bibis
1099 1688 1136 1748 ut

115 1772 213 1835 etiam
237 1791 360 1854 eorum,
390 1770 445 1853 qui
468 1770 508 1834 ab
531 1768 623 1833 initio
645 1769 771 1834 fundati
793 1769 881 1834 orbis
903 1735 1135 1853 philosophicis

115 1855 251 1920 floruere
278 1855 413 1939 eloquiis
435 1876 472 1919 ac
495 1855 656 1936 sensibus,
685 1875 751 1919 non
774 1853 877 1918 solum
900 1855 1134 1938 aequiperator‚

76 1955 102 1997 20
116 1941 170 2005 sed
195 1941 291 2005 etiam
313 1960 499 2024 praecessor
522 1939 691 2003 exst'teris.
724 1938 811 2002 unde
833 1940 1042 2022 perscrutatis
1065 1961 1135 2022 per-

113 2025 271 2109 lectisque
298 2025 441 2089 omnium
469 2024 736 2107 philosophorum
763 2022 853 2087 libris
883 2044 993 2088 omnes
1024 2045 1135 2088 eorum

115 2111 349 2175 controuersias
376 2108 524 2191 prudenti
552 2110 585 2171 et
613 2110 713 2192 gnoto
741 2108 834 2172 corde
856 2128 1059 2192 concoquens
1081 2109 1135 2173 ob·

115 2195 314 2258 scurissimas
342 2195 374 2256 et
403 2191 611 2256 difficillimas
639 2193 843 2275 quaestiones
872 2192 1023 2278 diligenti
1044 2192 1134 2257 inda-

115 2283 207 2362 gatas
230 2276 376 2341 examine
392 2277 432 2340 ad
451 2297 504 2340 me
525 2276 620 2340 uelud
637 2277 675 2340 ad
699 2276 837 2342 iudicem
859 2278 1135 2361 certissimumque

76 2381 102 2423 as
115 2363 254 2426 limitum
276 2364 371 2445 atque
390 2362 514 2426 uiarum
530 2361 686 2445 indicem,
709 2361 819 2426 multis
835 2362 981 2446 epistolis
997 2362 1135 2447 dirigere

115 2447 267 2530 dignatus
295 2467 344 2529 es,
373 2467 440 2511 non
469 2468 531 2530 quo
560 2467 619 2532 ego
649 2446 792 2511 omnium
818 2447 1031 2531 peritissimus
1062 2447 1134 2529 sim,

116 2532 171 2596 sed
193 2553 255 2616 quo
278 2531 369 2615 quasi
392 2532 431 2596 ad
453 2531 595 2596 sodalem
618 2532 666 2596 tui
687 2532 846 2616 uniusque
861 2531 935 2598 fidei
952 2535 1136 2601 consortem

114 2617 295 2682 fiducialius
327 2616 477 2681 habueris
508 2616 546 2681 de
574 2616 756 2681 huiusmodi
784 2616 1025 2700 quaestionibus
1053 2618 1136 2681 mira

115 2704 175 2766 diri
200 2724 263 2767 ere.

77 2807 102 2846 ao
176 2724 290 2851 gInter
319 2787 397 2850 haec
424 2785 565 2849 maxima
586 2785 620 2848 in
642 2789 700 2849 tuo
723 2784 830 2848 animo
853 2785 937 2850 sedit
958 2806 1071 2869 causa,
1100 2789 1136 2849 ut

115 2871 153 2934 de
176 2870 256 2934 VIII
278 2871 429 2934 orationis
457 2871 619 2954 pertibus,
647 2869 682 2934 in
712 2869 826 2953 quibus
853 2870 1012 2953 plurimae
1040 2892 1136 2954 quae·

116 3026 318 3035 ...—

183 3106 354 3175 apa-uenus
371 3106 405 3160 N
418 3106 428 3173 ιι
446 3111 460 3160 ι
479 3073 617 3160 ahana
640 3105 671 3172 (a
688 3122 724 3160 a.
743 3106 791 3174 ar.)
815 3105 849 3160 n
863 3107 874 3174 ι
890 3111 907 3161 a
931 3074 1135 3175 quaeat„

116 3175 217 3330 eyltilth
227 3208 276 3276 Νι
286 3213 325 3329 7ιο
337 3185 483 3329 ffffdlmss}
501 3208 553 3276 Νι
576 3205 688 3276 apeaeqe
702 3207 737 3287 a(
752 3209 762 3276 ιι
779 3207 959 3329 nequaque
970 3207 982 3277 ιι
1000 3213 1031 3260 12
1054 3206 1134 3326 eppi-

114 3279 219 3399 ihrsias
236 3278 299 3413 ⁴¹Itllss
315 3277 890 3413 ignohlolltl;aegnottlll=93hhruhphltmlalldr‚
912 3276 1137 3410 aalffirrhllfleggs

115 3415 124 3465 i
145 3413 240 3531 nitoqli
251 3419 283 3466 23
301 3411 448 3490 indagatus
459 3411 500 3491 ,Ν
514 3427 584 3491 corr:
601 3411 667 3491 Mar]
682 3413 692 3480 ΙΙ
710 3417 744 3465 24
761 3410 871 3465 veslud
889 3410 911 3476 (l
929 3413 1010 3492 eros.)
1028 3409 1062 3463 N
1075 3411 1137 3497 llys

131 3480 217 3532 dacia
241 3481 286 3548 ns]
307 3479 439 3535 fiduorale
457 3498 500 3534 1us
519 3493 589 3534 cona
601 3479 666 3533 Mae
678 3481 688 3548 ss
701 3485 732 3534 31
754 3477 851 3532 VIIIto
870 3477 1045 3533 orahonrbus
1063 3477 1100 3531 n.
