2436 3840
410 777 776 852 PRAEFATIO.

172 1081 247 1147 Cum
280 1084 350 1142 ante
379 1083 434 1141 hos
464 1085 609 1158 quattuor
635 1101 729 1143 annos
757 1084 794 1142 de
817 1081 946 1158 Virgilio
974 1083 1098 1142 Marone

82 1173 280 1250 grammatico
294 1171 390 1230 fusius
401 1165 564 1250 agerem1),
579 1169 616 1229 de
627 1171 748 1232 edendis
757 1172 804 1230 his
815 1172 955 1248 operibus
965 1172 1098 1231 nondum

82 1261 220 1337 cogitavi.
276 1259 447 1318 Haerebam
470 1259 562 1335 enim,
589 1277 663 1318 num
685 1261 741 1322 hoo
764 1261 1030 1337 grammaticorum
1052 1261 1098 1319 in-

80 1349 168 1409 fimae
199 1349 308 1408 aetatis
337 1347 471 1408 studium
500 1348 579 1408 tenti
607 1350 719 1425 ubique
750 1351 962 1408 aestimaretur
992 1349 1097 1425 quanti

82 1439 220 1514 equidem
237 1438 388 1496 haberem.
434 1436 503 1496 Non
525 1437 648 1498 deerant
665 1440 768 1498 tamen
786 1439 837 1515 qui
855 1458 973 1498 meeum
991 1439 1047 1497 hae
1065 1438 1098 1496 in

80 1545 114 1585 re
137 1526 284 1602 facerent3
311 1526 343 1584 in
370 1525 418 1584 his
446 1531 512 1584 erat
537 1527 582 1584 rei
609 1528 751 1586 metricae
779 1528 978 1603 investigator
1007 1528 1097 1602 longe

80 1613 369 1692 praestantissimus,
389 1613 592 1673 Guilelmus
606 1614 742 1692 Meyer,
762 1615 813 1690 qui
828 1615 932 1674 eodem
945 1615 1009 1674 fere
1022 1618 1097 1674 tem-

80 1722 152 1781 pore
175 1703 207 1761 in
229 1702 332 1761 libello
356 1701 409 1760 illo
433 1701 507 1760 satis
531 1702 611 1760 claro
635 1697 708 1762 ‘Der
726 1703 829 1762 Ludus
848 1704 885 1761 de
899 1695 1097 1762 Antichristo'

81 1784 212 1873 (Monaei
233 1782 333 1871 1882)
353 1791 390 1850 de
408 1789 536 1867 Virgilio
555 1789 630 1850 artis
648 1791 836 1868 rhythmicae
860 1792 980 1852 doctore
1000 1792 1097 1850 multa

82 1899 150 1940 cum
176 1878 266 1938 laude
293 1879 445 1941 tractavit.
498 1877 574 1938 Cum
601 1881 654 1939 alii
676 1880 734 1942 viri
763 1881 843 1941 docti
871 1880 903 1939 in
929 1899 990 1939 una
1018 1880 1097 1955 Aug.

80 1969 144 2028 Mai
166 1969 297 2028 editione
319 1986 415 2044 neque
438 1969 558 2043 integra
580 1987 677 2046 neque
703 1971 862 2030 emendata
879 1970 1011 2028 nitentes
1030 1968 1097 2027 Vir-

81 2057 149 2134 gilii
176 2058 339 2133 praecepta
368 2057 565 2133 grammatica
595 2058 719 2135 eiusque
747 2078 844 2134 genus
874 2058 992 2118 dicendi
1022 2057 1096 2117 satis

81 2147 227 2206 tricenum
255 2137 492 2226 examinarent²)
520 2149 552 2205 et
577 2165 657 2208 nova
679 2148 771 2208 editio
795 2149 905 2207 iterum
928 2147 1098 2222 iterumque

82 2234 313 2310 desideraretur,
332 2234 435 2295 amieis
455 2235 685 2296 adhortantibus
704 2255 764 2296 uon
779 2237 908 2312 amplius
923 2236 1098 2313 repugnavi,

84 2323 158 2400 quin
181 2322 219 2382 ad
242 2341 334 2398 opera
356 2323 546 2398 grammatici
569 2324 650 2383 illius
675 2324 727 2383 diu
750 2327 940 2401 multumque
968 2324 1099 2400 neglecti

85 2411 201 2473 edenda
219 2411 404 2488 accederem,
423 2429 605 2488 quamquam
623 2431 671 2471 me
686 2431 760 2489 opus
774 2415 899 2489 plenum
912 2412 1100 2487 periculosae

84 2500 169 2560 aleae
192 2518 257 2561 esse
281 2500 452 2560 subiturum
475 2500 623 2560 habebam
646 2520 831 2577 persuasum.

172 2589 222 2648 Ad
236 2588 424 2649 emendanda
434 2589 553 2664 Virgilii
571 2592 716 2666 opuscula
734 2590 853 2650 auxiliis
873 2607 945 2648 usus
965 2589 1098 2666 semeis,

84 2677 122 2738 de
142 2677 251 2754 quibus
269 2679 301 2736 in
319 2679 569 2739 commentatione
588 2698 680 2756 supra
697 2680 822 2739 laudata
839 2678 982 2756 tractavi;
1003 2697 1099 2738 acees-

83 2769 190 2827 serunt
222 2767 303 2826 forte
334 2767 456 2827 fortuna
491 2768 664 2844 fragmenta
700 2767 847 2845 quaedam
875 2769 924 2828 vel
960 2771 1100 2844 excer‘pta

81 2896 297 2907 uun—m

157 2955 183 3020 1)
204 2952 237 3007 of.
253 2951 305 3006 Die
319 2952 467 3023 Epitomae
483 2953 532 3007 des
547 2953 770 3010 Grammatilrers
779 2954 917 3024 Virgilius
931 2955 1011 3009 Maro
1025 2954 1099 3007 nach

83 3024 149 3079 dem
158 3021 357 3094 Fragmentum
365 3023 586 3079 Vindobonense
602 3030 696 3083 19556.
733 3026 908 3081 Wien1882.
945 3024 1014 3096 (Ans
1034 3023 1099 3078 dem

83 3093 231 3165 Jahrgang
250 3099 318 3149 1881
343 3095 393 3150 der
411 3094 669 3165 Sitzungsberiehte
692 3098 742 3152 der
759 3096 829 3167 phil.
848 3097 915 3152 hist.
934 3095 1030 3150 Classe
1049 3094 1100 3148 der

83 3164 156 3220 kaie.
175 3164 333 3220 Akademie
352 3166 402 3221 der
419 3165 675 3237 wissenschaften,
694 3169 725 3223 B.
744 3167 832 3225 XCIX
852 3168 877 3222 S.
898 3165 994 3234 soeff.)

155 3239 183 3308 2)
194 3237 229 3293 cf.
239 3235 365 3292 Paulus
380 3237 502 3308 Geyer,
516 3237 650 3310 Beitrtge
663 3257 712 3294 zur
725 3239 864 3294 Kenntnis
879 3239 928 3293 des
942 3235 1099 3307 gallisohen

82 3307 197 3365 Latoius
217 3308 372 3379 (Wblfflins
391 3308 496 3364 Archiv
514 3310 540 3364 Π
559 3309 648 3380 hoff).

849 3397 885 3452 a*
