2436 3840
353 176 413 232 VH,
438 177 488 232 Da
505 177 808 235 PRAEPOSITIONE.
1031 182 1092 246 175

71 332 148 397 ordo
175 331 321 415 ratioque
350 331 508 396 dictorum
531 330 704 396 commixta
727 331 802 396 sint.
839 333 901 397 hoc
924 352 1000 396 sanc
1023 355 1091 397 om-

70 417 167 482 nibus
193 420 285 481 recte.
308 416 490 500 legentibus
519 416 613 480 datur
639 415 801 501 intellegi,
834 415 917 499 quod
946 419 1014 482 siue
1041 419 1090 482 in-

72 500 283 566 conmutabili
310 501 436 565 ratione
459 501 499 564 ad
521 500 554 565 id
576 499 745 565 reffaratur
789 501 851 564 uod
874 501 1021 584 cuiquam
1044 503 1091 566 rei

70 585 202 682 omnino
228 607 296 682 non
324 585 425 682 inest3
458 587 574 682 ubsque
600 606 690 682 uero·
705 585 743 650 ad
767 522 933 668 duplicem
962 607 1092 684 sensum

69 674 568 836 {Sdttultttftet
588 670 1090 839 lltttdtttttitllss
1117 690 1130 729 ⁵

69 860 138 904 non
159 840 327 904 habentia:
351 840 420 904 siue
435 839 519 921 eius,
542 843 676 922 excepta
692 861 756 923 qua
772 842 894 904 ceterae
909 839 961 904 uel
977 840 1091 905 obscu-

68 926 182 988 rantur
210 925 262 988 uel
290 927 467 1008 negantur,
498 923 551 988 uel
580 923 678 988 etiarn
706 923 773 988 eius
802 945 875 988 cum
906 946 967 1008 qua
995 925 1090 989 simul

70 1008 178 1092 aliqua
198 1009 412 1074 uindicantur.
668 1065 670 1068 ,

154 1093 259 1158 Multa
283 1096 360 1159 sunt
381 1092 476 1157 huius
497 1090 545 1156 rei
567 1092 713 1175 exempla
734 1091 824 1156 iuxta
845 1092 926 1156 illud
948 1093 1034 1176 quod
1058 1096 1090 1158 et
1103 1113 1129 1151 ιο

70 1197 129 1260 ego
161 1177 312 1243 hesterno
345 1178 486 1242 feceram
519 1198 620 1258 annu,
656 1198 730 1241 cum
763 1176 881 1241 librum
911 1176 950 1241 dc
977 1177 1090 1241 mundi

70 1263 232 1326 creatione
264 1263 529 1328 commentarium
566 1260 717 1325 aduersus
748 1281 891 1345 paganos
923 1261 1087 1340 ediderim,

69 1346 484 1496 lillalltlpll'tllt
503 1347 702 1495 ttulit?
724 1346 1090 1515 lllll⁸gld0⁸lltulll

68 1514 210 1581 laudatio
234 1517 432 1581 continetur:
461 1516 569 1581 cuncti
592 1515 679 1579 enim
701 1514 746 1578 dii
768 1515 823 1598 qui
845 1514 1010 1597 dicuntur,
1034 1517 1088 1580 ob·
1102 1535 1128 1574 15

68 1604 240 1666 scurantur
261 1604 294 1665 et
310 1605 485 1686 negantur,
510 1602 543 1665 et
558 1599 660 1663 solum
676 1599 821 1664 omnium
835 1599 984 1665 laudatur
1000 1601 1087 1665 deus.

69 1683 155 1748 hunc
184 1706 313 1749 sensum
340 1685 438 1750 habat
461 1691 493 1749 et
509 1690 653 1767 praeter,
683 1685 858 1749 secundum
881 1684 961 1749 illud
982 1686 1089 1751 nullas

64 1772 194 1849 praeter
215 1773 243 1834 tc
263 1789 301 1835 su
331 1771 358 1834 t.
394 1771 429 1832 in
457 1791 494 1833 eo
517 1772 624 1833 autem
647 1769 732 1852 quod
754 1769 936 1833 Andreas
960 1770 1087 1853 quidam

68 1851 197 1916 scribsit
225 1853 264 1916 de
317 1853 415 1936 yrrhc
449 1854 565 1935 ubsque
592 1853 708 1919 Asside
741 1852 848 1936 inquit
879 1854 1018 1933 uiribus
1052 1855 1088 1919 irc

67 1937 267 2003 comitatibus
281 1937 394 2004 lubuit
409 1937 445 2001 X
458 1939 564 2016 milia,
580 1938 643 2002 hoc
658 1938 749 2021 (est)
765 1938 870 2002 dicere
886 1958 957 2003 cum
972 1937 1088 2003 Assiae
1100 1958 1126 1998 20

66 2021 201 2086 uiribus.
239 2026 328 2088 leura
342 2044 362 2086 a
375 2022 487 2086 multis
502 2021 708 2107 subpositio,
720 2043 757 2086 eo
773 2022 856 2107 quod
872 2022 1085 2107 subiungitur,

67 2107 113 2170 sic
135 2110 285 2188 uocatur,
315 2110 353 2171 ut
374 2107 510 2172 dicimus
531 2113 619 2173 nocte
640 2112 738 2172 Nuus.
778 2111 810 2171 et
833 2108 1000 2191 conposita
1024 2129 1087 2190 qua

67 2190 328 2256 cuniunctionem
350 2214 388 2257 cx
406 2214 440 2258 se
454 2191 561 2256 reddit
576 2192 751 2271 causalem,
773 2195 809 2255 ut
823 2197 978 2274 qautenus
992 2194 1086 2274 dicut,

65 2274 126 2340 hoc
154 2279 203 2340 est
230 2296 390 2359 usquequo
418 2279 514 2343 dicut.
552 2281 625 2342 unte
654 2298 780 2361 quoque
809 2276 968 2360 duplicem
989 2277 1087 2342 habet

65 2380 212 2426 sensum:
241 2361 308 2426 siue
336 2362 422 2426 euim
451 2362 490 2425 dc
517 2361 690 2425 anteritate
713 2362 867 2444 temporis
890 2362 1021 2446 dicitur,
1049 2365 1086 2426 ut
1098 2381 1124 2422 aa

66 2443 145 2508 illud
168 2449 242 2510 unte
262 2446 366 2511 secula
384 2445 469 2526 fuit·
497 2446 565 2510 siue
588 2445 684 2509 etiam
707 2467 766 2529 pro
789 2467 896 2511 corum
918 2448 1083 2530 accipitur,

65 2531 102 2593 ut
123 2529 218 2594 illud:
242 2535 314 2595 aute
336 2530 479 2596 tribuual
499 2531 624 2596 sedebat
643 2529 706 2593 hoc
729 2533 778 2593 est
796 2549 904 2596 corum
919 2532 1083 2597 tribunali.

64 2613 182 2679 circum
211 2617 244 2678 et
271 2616 356 2680 circu
384 2618 416 2679 et
442 2635 519 2698 erpa
547 2637 565 2679 a
592 2612 685 2678 nobis
714 2614 838 2698 pridem
861 2613 937 2697 quid
959 2615 1086 2679 intersit

65 2700 140 2762 ante
168 2699 349 2781 expositum
378 2702 435 2764 est.
484 2699 592 2782 itaque
621 2698 660 2762 de
685 2698 974 2783 praepositionibus
1004 2698 1084 2764 haec

64 2781 207 2847 breuiter
228 2784 305 2848 satis
328 2782 432 2848 edicta
454 2785 543 2848 fiant.
1098 2812 1123 2852 ao

132 3006 147 3053 2
165 3001 360 3056 incomutabili
376 3002 411 3056 N
420 3005 459 3072 ΙΙῚ
478 3002 611 3193 eiusp'rei
628 3002 695 3057 add.
714 3002 779 3056 Mai
791 3003 829 3070 ΙΙ8
848 3004 923 3073 cum]
944 3019 1009 3057 eum
1026 3004 1060 3059 N
1069 3005 1081 3069 ll

64 3073 80 3122 9
98 3067 258 3122 vindicatur
268 3069 303 3125 N
311 3071 320 3138 ΙΙ
334 3076 365 3123 11
379 3072 489 3125 esterno
501 3069 535 3124 N
550 3072 554 3138 Ι
569 3076 599 3123 12
612 3069 850 3124 admentatorium
862 3069 897 3127 N
904 3072 914 3150 ΙΙ
927 3071 1083 3125 aediderim

63 3134 349 3214 111111111οΝ11Ιὸ
387 3138 519 3192 raetcrite
598 3138 712 3205 quidem
725 3136 760 3191 N
767 3154 835 3216 cerr.
848 3138 912 3217 Mur
925 3140 935 3207 ΙΙ
951 3137 1014 3193 191³
1049 3154 1081 3217 ro

63 3201 97 3256 N
106 3203 247 3281 [Asia-N
260 3219 329 3260 corr.
375 3207 473 3326 ailpto
492 3207 535 3259 est
552 3224 570 3259 a
591 3205 619 3260 d.
631 3205 697 3259 Mai
708 3206 764 3326 1ῗὸ
781 3207 855 3260 mter
873 3223 978 3260 cneum
1025 3222 1055 3259 aa
1065 3205 1079 3274 ΙΙ

63 3277 95 3325 29
113 3273 246 3326 mtersmt
263 3272 296 3327 N
305 3274 315 3342 ΙΙ
327 3272 421 3326 EXPL
436 3271 494 3327 OIT
512 3272 669 3327 SEPTIMA
687 3273 710 3326 D
753 3272 1054 3331 PRAEPOSITIONE.
