2436 3840
155 185 215 249 118
381 181 537 236 VIRGILll
555 181 722 237 MARONIS
740 181 946 241 EPISTOLAE.

152 337 266 419 fuerit,
290 335 417 399 datiuus
441 356 549 399 cassus
564 335 735 418 posteriori
757 340 888 400 acuetur
903 337 1025 420 syllaba
1040 340 1076 400 ut
1090 339 1169 420 iyai,

147 423 248 503 paui,
277 423 368 486 naui.
412 420 439 483 si
467 441 545 483 uero
573 420 697 503 syllaba
724 421 917 484 nominatiui
946 442 1054 485 cassus
1083 423 1172 504 prior

152 509 246 569 acuta
264 504 378 587 fuerit,
402 504 504 568 datiui
520 526 628 569 cassus
643 504 803 588 posterior
820 506 1011 588 corripietur
1025 509 1062 569 ut
1077 508 1171 589 cludi,

149 591 243 671 fami.
282 591 309 652 si
337 610 414 654 uero
437 590 657 654 nominatiuus
682 611 789 654 cassus
812 590 1050 672 monosyllabae
1072 591 1172 655 fuerit

126 674 238 737 sillius
268 673 434 737 dumtaxat
456 695 536 758 quae
558 679 675 739 natura
697 675 796 760 longa
813 675 928 754 tuerit,
958 675 1044 738 illius
1066 676 1171 758 prima

151 759 275 842 syllaba
296 760 331 821 in
354 759 442 822 omni
465 780 556 823 cassu
579 761 720 823 acuenda
743 763 792 823 est
814 762 844 822 et
866 760 1009 842 reliquae
1030 760 1171 841 syllabae

151 843 375 926 corripiantur.

237 927 285 991 De
309 927 419 992 datiuo
441 931 546 991 autem
570 927 688 1010 plurali
711 930 744 991 et
765 927 906 992 ablatiuo
929 928 1023 992 multi
1046 928 1171 992 diuersa

151 1033 292 1092 sensere,
316 1014 452 1076 maxime
475 1033 548 1076 cum
570 1013 604 1075 in
627 1015 656 1077 is
677 1012 832 1095 syllabam
854 1013 1044 1079 terminatus
1060 1013 1168 1076 fuerit.

112 1117 137 1157 10
153 1097 271 1161 etenim
295 1100 418 1161 ueteres
441 1098 546 1161 nostri
568 1117 627 1160 nos
650 1098 696 1160 ita
718 1096 910 1174 docuerunt,
934 1102 970 1160 ut
991 1097 1097 1160 nullus
1114 1098 1169 1161 ab·

150 1182 267 1246 latinus
296 1202 403 1245 cassus
430 1181 465 1245 in
488 1184 517 1246 is
537 1181 693 1264 syllabam
721 1183 911 1246 terminatus
939 1182 1170 1264 produceretur

150 1271 283 1349 excepto
306 1288 377 1330 cum
401 1287 458 1348 per
480 1266 542 1330 duo
563 1269 577 1330 i
598 1267 737 1349 scriptus
760 1271 843 1331 esset
863 1271 899 1330 ut
917 1268 1021 1331 radiis
1028 1314 1036 1346 ,
1060 1268 1167 1346 captia,

148 1353 292 1434 paudiiS,
323 1352 477 1433 brachiis,
503 1351 636 1433 plodiis,
665 1351 766 1434 pobiis
794 1356 827 1415 et
854 1352 983 1415 ceteris:
1012 1356 1046 1414 at
1066 1352 1168 1433 scolis,

148 1437 249 1513 stolis,
277 1436 392 1518 plebis,
421 1437 537 1516 modis,
566 1436 688 1519 uerbis,
717 1436 821 1519 donis,
842 1436 968 1518 populis
989 1439 1022 1498 et
1044 1435 1168 1517 ceteris,

111 1538 136 1579 rs
150 1522 259 1584 omnia
283 1520 463 1583 huiusmodi
488 1519 585 1583 uerba
607 1518 749 1583 ablatiuo
773 1521 890 1603 corripi
912 1541 1039 1603 semper
1054 1520 1168 1583 debere

150 1604 332 1668 censebant.
370 1607 510 1668 ceterum
539 1605 634 1667 nouis
663 1603 758 1667 scolis
781 1606 1082 1688 superuenientibus
1106 1604 1169 1668 alia

149 1689 310 1753 sententia
333 1688 529 1771 superuenit.
574 1687 685 1751 dicunt
708 1688 793 1751 enim
815 1690 932 1768 nostri,
961 1691 1042 1772 quod
1066 1690 1170 1752 omnis

25 1799 28 1803 ’
148 1773 275 1838 datiuus
298 1776 330 1837 et
352 1773 512 1838 ablatiuus
537 1793 642 1837 cassus
664 1771 797 1855 pluralis
819 1774 854 1837 in
876 1777 905 1839 is
928 1775 1083 1857 syllabam
1106 1778 1170 1837 ter·

149 1859 290 1923 minatus
319 1859 434 1943 longus
462 1879 588 1941 semper
615 1861 732 1921 natura
760 1858 811 1921 sit.
850 1858 925 1941 quid
954 1880 1030 1938 ergo
1051 1859 1169 1922 facturi

110 1964 257 2007 cosumus
287 1947 320 2007 et
347 1944 421 2026 quid
449 1963 605 2026 ponemus
634 1942 828 2007 discriminis
857 1945 943 2006 inter
969 1943 1059 2006 illum
1081 1943 1169 2006 abla-

147 2028 250 2092 tiuum
272 2029 443 2111 pluralem,
467 2029 522 2110 qui
544 2048 601 2110 per
621 2026 683 2091 duo
698 2029 712 2091 i
726 2028 904 2091 necessario
919 2029 1092 2110 productus
1109 2031 1168 2107 est,

148 2117 181 2176 et
203 2134 275 2175 aum
298 2134 392 2195 quem
409 2114 524 2175 natura
540 2111 638 2194 longa
653 2132 721 2175 esse
735 2112 861 2176 metrici
876 2111 1060 2176 affirmant?
1083 2112 1168 2175 hano

149 2197 295 2280 regulam
318 2216 494 2278 ponamus,
516 2198 553 2258 ut
575 2195 678 2259 omnis
694 2195 819 2260 dutinus
835 2200 868 2260 et
883 2197 1044 2261 ablatiuus
1060 2217 1169 2260 cassus

148 2280 296 2363 pluralis,
321 2280 375 2362 qui
398 2280 432 2343 in
454 2282 485 2344 is
506 2279 662 2363 syllabam
685 2281 891 2362 terminatur,
915 2281 998 2344 siin
1020 2282 1169 2344 nomina·

108 2383 133 2423 25
148 2364 216 2427 tiuo
239 2385 330 2427 cassu
353 2368 428 2428 ante
450 2364 659 2428 nouissimam
682 2364 839 2447 syllabam
861 2367 875 2429 i
895 2365 1050 2448 producta
1071 2365 1170 2429 fuerit

147 2452 184 2512 ut
197 2449 299 2532 filius,
321 2448 463 2531 pladius,
484 2450 610 2532 petiae,
631 2450 719 2533 filia,
741 2450 862 2533 quaa,
885 2451 1059 2532 sapientia,
1082 2449 1170 2513 abla-

147 2533 234 2598 tiuus
263 2554 369 2598 cassus
396 2535 448 2598 uel
477 2534 605 2598 datiuus
626 2533 760 2616 pluralis
783 2535 845 2599 duo
868 2536 882 2599 i
903 2555 1029 2618 semper
1051 2535 1171 2598 habeat

146 2623 179 2684 et
208 2619 362 2702 producte
390 2618 514 2683 dicatur
545 2619 637 2702 filiis,
670 2619 803 2701 yladiis,
836 2619 957 2702 potia,
989 2620 1168 2700 sapientiis,

144 2705 272 2787 ylariiS,
295 2704 449 2787 brachiis,
463 2703 611 2786 paudite,
627 2703 780 2768 colludiis
814 2704 841 2767 si
856 2723 933 2767 uero
949 2704 1170 2767 nominatiuus

107 2807 133 2848 eo
148 2808 256 2852 cassus
271 2790 285 2852 i
300 2790 376 2850 ante
398 2788 605 2851 nouissimam
628 2786 784 2870 syllabam
807 2809 874 2852 non
895 2787 1046 2852 habuerit
1068 2792 1100 2852 et
1114 2788 1170 2851 ab·

150 2872 267 2936 latinus
290 2892 399 2936 cassus
422 2871 473 2935 uel
496 2871 622 2936 datiuus
644 2873 678 2935 in
700 2873 729 2936 is
749 2871 849 2936 fuerit
870 2872 1075 2953 terminatus,
1099 2893 1168 2936 non

147 2956 271 3020 duobus
293 2958 322 3037 i,
347 2955 401 3020 sed
424 2956 550 3042 uirgula
571 2959 699 3019 tantum
719 2958 776 3020 aut
789 2958 859 3022 solo
875 2978 954 3021 sono
970 2962 1170 3040 assertaque

146 3041 357 3125 producemus
385 3041 445 3106 hos
467 3041 606 3125 plurales
629 3062 737 3105 cassus
759 3043 822 3107 hoc
848 3043 962 3124 modo,
991 3047 1026 3106 ut
1054 3043 1169 3122 bruas,

217 3269 227 3313 1
248 3260 355 3314 fuerint
376 3260 410 3314 N
423 3261 433 3327 l
451 3266 466 3313 2
484 3261 675 3316 nominativus
697 3263 731 3316 N
740 3264 779 3330 113
799 3263 901 3315 acuatu
918 3260 953 3316 N
966 3275 1034 3319 coer.
1053 3259 1118 3313 Mai
1130 3262 1170 3327 118

146 3327 208 3398 ffa‘m
226 3345 278 3414 Ny
293 3353 322 3398 u
338 3344 385 3423 urs
402 3343 455 3411 Nn
469 3350 500 3396 12
519 3344 626 3422 scapio
642 3345 695 3414 Ny
707 3353 740 3401 aa
759 3362 855 3400 omnes
872 3345 925 3414 uu
938 3350 970 3398 aa
988 3344 1126 3423 ablativos
1139 3345 1175 3398 Ν

139 3415 215 3531 iiii
230 3409 360 3548 aia
380 3410 745 3550 airusalem
820 3418 918 3482 a,
1109 3413 1118 3480 r
1136 3419 1170 3466 ⁸2
