2436 3840
362 150 423 206 VII.
451 149 499 202 DE
516 148 817 207 PRAEPOSITIONE.
1038 153 1099 218 173

79 325 162 389 pene
183 303 292 387 pueris
321 302 588 387 philosophorum
616 307 678 384 est,
708 303 781 368 ideo
810 305 979 368 inusitatas
1009 326 1098 387 prae·

79 388 255 473 positiones
278 409 316 451 ex
339 391 454 471 quarto
476 387 700 471 philosophiae
723 388 892 452 latinitatis
912 409 1031 472 genere
1047 411 1097 452 su-

79 495 217 550 mamus,
234 472 297 536 hoo
311 473 460 556 primitus
475 473 630 552 seientes,
652 472 738 557 quod
753 473 993 556 monosyllabae
1008 494 1098 555 prae·

79 559 255 641 positiones
278 557 402 621 nullum
418 556 504 621 aliud
519 561 647 641 praeter
662 558 815 623 usitatum
829 577 933 641 genus
947 556 1098 639 habeant,

79 648 116 706 ut
144 665 166 708 a
192 643 237 707 ad
263 662 279 707 e
306 643 343 707 de
369 661 407 707 ea
427 662 490 724 pro
513 663 595 724 prae
624 643 668 707 oe's
689 647 760 725 post
781 647 872 707 troas
893 644 929 707 ia
950 643 1007 707 aab
1030 661 1139 706 aas

80 729 171 793 elam.
215 725 276 791 hae
308 726 343 790 in
375 727 465 791 nulla
495 729 645 809 experta,
678 748 742 810 qua
773 727 895 791 utimur
926 726 1098 806 latinitate,

80 811 211 895 penitus
226 809 394 875 habentur.
424 811 507 876 dabo
523 832 600 894 ergo
615 812 869 895 praepositiones
886 833 993 877 cassus
1009 833 1100 877 aeau-

49 931 51 934 ·
81 896 195 960 satiui:
228 916 286 961 eoa
313 917 370 980 pro
397 900 491 979 apat,
519 897 624 962 saltora
645 917 703 979 pro
727 901 815 978 uate,
845 916 941 976 aaron
962 917 1020 979 pro
1043 897 1100 962 od·
1199 949 1204 959 .

80 1000 192 1046 aereas
213 981 265 1044 uel
288 985 413 1064 eontra,
437 986 539 1046 tressa
562 1001 620 1064 pro
636 981 733 1060 eitra,
755 983 916 1060 matyrioa
930 1002 989 1064 pro
1006 983 1099 1060 eirea,
1180 1061 1182 1065 y

81 1068 189 1131 reotim
218 1087 277 1150 pro
305 1086 395 1149 erpa,
429 1067 561 1131 statatm
588 1087 646 1148 pro
668 1085 767 1147 poae,
799 1066 881 1131 relos
908 1087 967 1148 pro
991 1087 1100 1149 prope,
1115 1086 1140 1126 ιο

77 1150 181 1231 faraa
208 1171 268 1234 pro
295 1151 481 1227 secandam,
515 1150 644 1233 loapeoa
671 1171 730 1233 pro
758 1150 860 1227 altra,
891 1152 1014 1215 soriam
1041 1172 1101 1234 pro

77 1240 219 1317 praeter,
242 1235 378 1317 sepelam
391 1255 450 1318 pro
463 1253 580 1316 sapam
601 1235 689 1317 pabit
707 1235 787 1317 <pro
802 1254 899 1316 usqae
914 1236 992 1316 ad),
1015 1255 1102 1300 eaom

82 1341 142 1464 pro
160 1337 270 1400 perrea,
294 1319 385 1383 tiata
406 1339 465 1402 pro
488 1321 596 1399 iaxta,
620 1319 715 1384 leae’m
736 1341 795 1402 pro
817 1338 912 1384 secas.
945 1340 1032 1384 nuno
1048 1319 1102 1383 ab·

95 1403 175 1466 atiui
206 1403 478 1487 praepositiones:
518 1423 630 1486 respoa
663 1425 722 1487 pro
755 1424 877 1486 eoram,
910 1423 1011 1485 aspoa
1042 1424 1101 1487 pro

76 1488 208 1573 palam,
231 1489 363 1571 peripsa
384 1509 444 1572 pro
466 1489 549 1567 siae,
578 1489 662 1554 absit
683 1508 741 1571 pro
765 1489 897 1570 absque,
927 1508 1022 1553 aram
1043 1509 1101 1572 pro
1117 1509 1141 1550 a

82 1583 180 1637 teaas.
218 1573 297 1637 item
320 1573 361 1636 ad
382 1576 552 1657 utrumque
575 1594 774 1650 communes,
795 1574 904 1656 padoa
924 1595 983 1656 pro
998 1593 1102 1657 saper,

83 1657 194 1721 liadoa
215 1679 274 1740 pro
296 1659 415 1738 subter,
437 1659 553 1722 madae
574 1678 632 1741 pro
653 1658 771 1723 sabaa.

168 1739 264 1805 Nune
297 1742 361 1805 nisi
392 1741 566 1806 molestum
593 1745 659 1824 est,
692 1745 730 1806 ut
757 1743 835 1806 haee
864 1741 993 1805 luceant
1021 1763 1103 1826 quae

83 1824 238 1908 paulatim
266 1823 400 1890 obseura
427 1828 516 1907 sunt,
547 1826 705 1890 maiorum
728 1826 838 1891 demus
861 1826 1017 1909 exempla.
1056 1826 1102 1890 lo-

83 1909 193 1993 quitur
215 1929 288 1973 eeee
304 1908 535 1975 Andrianus
558 1911 705 1994 quidam,
728 1911 779 1975 uir
801 1911 835 1974 in
851 1909 1013 1975 soluendis
1028 1932 1102 1994 pro·
1117 1931 1142 1970 ao

83 1993 286 2059 blismatibus
314 1994 485 2060 admodum
515 1994 655 2060 eruditus
682 2002 751 2061 ‘eoa
772 2001 851 2061 taeta
870 1996 1033 2062 aamaade
1053 1998 1102 2061 e'a

83 2079 164 2144 aeos
184 2080 256 2144 soae'
277 2084 306 2144 et
327 2080 488 2145 laetitiae&
525 2079 588 2145 hoo
616 2083 665 2145 est
686 2079 790 2146 dicere
812 2085 892 2165 apat
912 2080 1103 2146 habitatores

83 2168 236 2228 teotoram.
283 2163 459 2248 Glengus
494 2186 620 2249 quoque
651 2166 706 2230 ille
739 2167 840 2230 nostri
868 2164 1104 2230 Maximiani

84 2252 175 2330 pater
196 2248 232 2312 in
255 2249 456 2331 expositione
471 2249 510 2314 de
526 2251 587 2314 diis
602 2249 689 2315 faeta
703 2251 750 2315 ita
766 2271 897 2316 exorsus
913 2253 975 2315 est:
997 2250 1102 2316 salioa

83 2332 177 2396 solem
203 2333 250 2397 de'e'
276 2339 383 2416 eraat,
414 2335 447 2398 id
469 2338 518 2398 est
540 2339 613 2399 aate
634 2335 739 2399 solem.
777 2335 861 2400 idem
884 2335 981 2399 etiem
1003 2334 1038 2398 in
1060 2335 1103 2399 la·
1117 2359 1142 2399 aa

84 2415 212 2481 tinitate
235 2417 362 2500 opimus
384 2421 467 2498 erat,
491 2417 554 2482 alio
577 2417 689 2481 intulit
710 2419 745 2480 in
767 2419 837 2483 loeo
859 2420 996 2500 repetam
1011 2441 1103 2501 pere·

84 2519 178 2565 aeam
191 2503 308 2569 atraere
322 2507 466 2584 meatem,
479 2501 512 2564 id
528 2504 687 2582 estsopra
697 2506 841 2566 meatem.
865 2501 1103 2587 Galbungus

85 2605 211 2668 quoque
225 2584 258 2650 in
276 2587 413 2670 quadam
431 2585 567 2670 epistula
582 2583 622 2649 ad
637 2585 852 2649 Assianum
870 2585 991 2667 scripta
1006 2585 1103 2650 Gur-

84 2668 243 2755 gilium,
266 2672 398 2737 arataeo
420 2671 525 2754 inquit
547 2671 739 2752 eloqaeate'ae
760 2674 833 2735 taae
852 2670 941 2753 pabit
957 2673 1105 2752 peraeae

84 2754 212 2820 aethera
218 2805 227 2838 ,
249 2755 282 2820 id
305 2759 354 2820 est
374 2776 472 2838 asqae
494 2756 538 2820 ad
553 2755 688 2823 aethera.
721 2775 780 2840 ego
796 2775 921 2839 quoque
937 2754 1024 2835 olim,
1041 2756 1102 2820 bel·
1118 2779 1143 2818 ao

84 2839 158 2905 latta
178 2838 309 2923 inquam
331 2860 426 2923 oyroa
440 2862 504 2922 me,
527 2840 588 2904 hoe
604 2844 653 2905 est
667 2845 776 2905 eoatra
791 2860 847 2905 me.
882 2838 998 2904 harum
1013 2861 1104 2923 prae-

84 2923 282 3005 positionum
309 2929 460 2990 aooentus
488 2947 556 2990 non
583 2928 651 2990 tam
680 2924 813 2990 subtiles
841 2929 918 2990 sunt
946 2924 981 2988 in
1009 2947 1104 2990 uersu

154 3179 167 3226 1
185 3175 215 3227 id
233 3175 264 3227 et
274 3175 316 3238 N,
335 3176 439 3231 ideireo
458 3179 488 3231 et
498 3177 563 3232 Mai
575 3180 613 3247 113
631 3177 856 3246 monassyllabae
868 3177 903 3231 N
911 3178 920 3246 ΙΙ
932 3182 950 3230 4
960 3179 1104 3231 mutatum

83 3241 264 3312 Nllfiexpta
280 3243 410 3312 Nss'lda
428 3244 574 3312 Nllfleon
592 3244 1105 3324 NllIOerga(aea8e)Nllllfarax

84 3311 236 3364 seeundum
255 3328 307 3381 pro
325 3311 359 3366 N
367 3327 436 3369 corr.
448 3313 513 3367 Mai
525 3314 534 3382 ΙΙ
549 3319 579 3366 12
618 3330 649 3367 ro
668 3329 756 3382 usque
775 3313 812 3367 ad
829 3312 895 3367 add.
910 3312 945 3377 ef.
959 3312 1060 3381 anfealt
1074 3320 1106 3366 14

83 3379 301 3498 ppaepositionia
317 3380 352 3435 N
355 3382 362 3416 ¹
375 3381 385 3448 ΙΙ
400 3387 431 3435 19
449 3380 587 3450 paulatim
636 3422 642 3445 ‚
661 3381 807 3450 paululum
826 3397 894 3435 eorr.
906 3380 972 3434 Mae¹
983 3381 993 3448 ΙΙ
1007 3386 1036 3433 21
1052 3397 1105 3435 eon

127 3445 183 3512 {125
200 3446 287 3515 idem]
305 3447 336 3501 id
354 3449 398 3502 est
414 3448 446 3501 N
462 3463 530 3503 corr.
549 3448 614 3502 Mai
626 3450 635 3517 l
649 3456 679 3503 31
700 3465 818 3516 cyperon
836 3447 874 3506 Ν.
