<?xml version="1.0" encoding="UTF-8"?>
<!DOCTYPE html PUBLIC "-//W3C//DTD XHTML 1.0 Transitional//EN"
    "http://www.w3.org/TR/xhtml1/DTD/xhtml1-transitional.dtd">
<html xmlns="http://www.w3.org/1999/xhtml" xml:lang="en" lang="en">
 <head>
  <title>
</title>
<meta http-equiv="Content-Type" content="text/html;charset=utf-8" />
  <meta name='ocr-system' content='tesseract 3.04.00' />
  <meta name='ocr-capabilities' content='ocr_page ocr_carea ocr_par ocr_line ocrx_word'/>
</head>
<body>
  <div class='ocr_page' id='page_1' title='image "./opera08virggoog_0011.png"; bbox 0 0 2436 3840; ppageno 0'>
   <div class='ocr_carea' id='block_1_1' title="bbox 106 164 723 222">
    <p class='ocr_par' dir='ltr' id='par_1_1' title="bbox 106 164 723 222">
     <span class='ocr_line' id='line_1_1' title="bbox 106 164 723 222; baseline -0.002 -1"><span class='ocrx_word' id='word_1_1' title='bbox 106 166 173 222; x_wconf 87' lang='lat' dir='ltr'><strong>VIII</strong></span> <span class='ocrx_word' id='word_1_2' title='bbox 507 164 723 221; x_wconf 75' lang='lat' dir='ltr'><strong>PRAEFATIO.</strong></span> 
     </span>
    </p>
   </div>
   <div class='ocr_carea' id='block_1_2' title="bbox 27 349 1120 3532">
    <p class='ocr_par' dir='ltr' id='par_1_2' title="bbox 107 349 1120 519">
     <span class='ocr_line' id='line_1_2' title="bbox 107 349 1120 429; baseline -0.001 -16"><span class='ocrx_word' id='word_1_3' title='bbox 107 353 160 413; x_wconf 77' lang='lat' dir='ltr'>DE</span> <span class='ocrx_word' id='word_1_4' title='bbox 175 351 392 429; x_wconf 81' lang='lat' dir='ltr'><strong>ADUERBIO,</strong></span> <span class='ocrx_word' id='word_1_5' title='bbox 411 352 455 412; x_wconf 89' lang='lat' dir='ltr'>Do</span> <span class='ocrx_word' id='word_1_6' title='bbox 473 351 640 428; x_wconf 90' lang='lat' dir='ltr'>participio,</span> <span class='ocrx_word' id='word_1_7' title='bbox 659 352 713 410; x_wconf 79' lang='lat' dir='ltr'>DE</span> <span class='ocrx_word' id='word_1_8' title='bbox 734 349 1045 429; x_wconf 77' lang='lat' dir='ltr'><strong>CONIUNCTIONE,</strong></span> <span class='ocrx_word' id='word_1_9' title='bbox 1066 355 1120 412; x_wconf 84' lang='lat' dir='ltr'>DE</span> 
     </span>
     <span class='ocr_line' id='line_1_3' title="bbox 107 439 863 519; baseline -0.004 -18"><span class='ocrx_word' id='word_1_10' title='bbox 107 439 436 519; x_wconf 79' lang='lat' dir='ltr'><strong>PRAEPOSITIONN,</strong></span> <span class='ocrx_word' id='word_1_11' title='bbox 459 441 512 498; x_wconf 80' lang='lat' dir='ltr'>Da</span> <span class='ocrx_word' id='word_1_12' title='bbox 535 439 863 500; x_wconf 80' lang='lat' dir='ltr'><strong>INTERIEOTIONE.</strong></span> 
     </span>
    </p>

    <p class='ocr_par' dir='ltr' id='par_1_3' title="bbox 27 529 1120 1138">
     <span class='ocr_line' id='line_1_4' title="bbox 196 529 1120 606; baseline 0.003 -19"><span class='ocrx_word' id='word_1_13' title='bbox 196 530 241 588; x_wconf 83' lang='lat' dir='ltr'>Er</span> <span class='ocrx_word' id='word_1_14' title='bbox 265 530 485 606; x_wconf 75' lang='lat' dir='ltr'>subscriptione</span> <span class='ocrx_word' id='word_1_15' title='bbox 508 530 620 589; x_wconf 87' lang='lat' dir='ltr'>iterata</span> <span class='ocrx_word' id='word_1_16' title='bbox 642 529 745 606; x_wconf 80' lang='lat' dir='ltr'>colligi</span> <span class='ocrx_word' id='word_1_17' title='bbox 772 529 845 589; x_wconf 89' lang='grc'><strong>11111</strong></span> <span class='ocrx_word' id='word_1_18' title='bbox 872 529 1049 606; x_wconf 78' lang='lat' dir='ltr'>scriptorem</span> <span class='ocrx_word' id='word_1_19' title='bbox 1071 533 1120 592; x_wconf 81' lang='lat' dir='ltr'>vol</span> 
     </span>
     <span class='ocr_line' id='line_1_5' title="bbox 107 618 1120 695; baseline -0.002 -15"><span class='ocrx_word' id='word_1_20' title='bbox 107 619 216 680; x_wconf 92' lang='lat' dir='ltr'>oodicis</span> <span class='ocrx_word' id='word_1_21' title='bbox 234 618 430 694; x_wconf 76' lang='lat' dir='ltr'>Neapolitani</span> <span class='ocrx_word' id='word_1_22' title='bbox 447 619 497 678; x_wconf 83' lang='lat' dir='ltr'>vel</span> <span class='ocrx_word' id='word_1_23' title='bbox 520 618 699 694; x_wconf 86' lang='lat' dir='ltr'>exemplaris</span> <span class='ocrx_word' id='word_1_24' title='bbox 723 636 759 676; x_wconf 89' lang='lat' dir='ltr'>ox</span> <span class='ocrx_word' id='word_1_25' title='bbox 783 637 841 695; x_wconf 91' lang='lat' dir='ltr'>qno</span> <span class='ocrx_word' id='word_1_26' title='bbox 861 618 962 695; x_wconf 88' lang='lat' dir='ltr'>fluxit,</span> <span class='ocrx_word' id='word_1_27' title='bbox 986 620 1120 695; x_wconf 91' lang='lat' dir='ltr'>capitum</span> 
     </span>
     <span class='ocr_line' id='line_1_6' title="bbox 107 707 1120 785; baseline 0 -17"><span class='ocrx_word' id='word_1_28' title='bbox 107 708 240 769; x_wconf 86' lang='lat' dir='ltr'>ordinem</span> <span class='ocrx_word' id='word_1_29' title='bbox 251 708 416 766; x_wconf 87' lang='lat' dir='ltr'>inmutasse</span> <span class='ocrx_word' id='word_1_30' title='bbox 429 707 483 782; x_wconf 89' lang='lat' dir='ltr'>ita,</span> <span class='ocrx_word' id='word_1_31' title='bbox 500 709 537 766; x_wconf 92' lang='lat' dir='ltr'>ut</span> <span class='ocrx_word' id='word_1_32' title='bbox 544 725 638 766; x_wconf 90' lang='lat' dir='ltr'>unam</span> <span class='ocrx_word' id='word_1_33' title='bbox 651 710 770 782; x_wconf 89' lang='lat' dir='ltr'>partem</span> <span class='ocrx_word' id='word_1_34' title='bbox 784 711 850 766; x_wconf 87' lang='lat' dir='ltr'>octo</span> <span class='ocrx_word' id='word_1_35' title='bbox 861 708 1005 767; x_wconf 91' lang='lat' dir='ltr'>orationis</span> <span class='ocrx_word' id='word_1_36' title='bbox 1015 711 1120 785; x_wconf 90' lang='lat' dir='ltr'>partes</span> 
     </span>
     <span class='ocr_line' id='line_1_7' title="bbox 107 796 1119 873; baseline 0 -17"><span class='ocrx_word' id='word_1_37' title='bbox 107 797 310 856; x_wconf 88' lang='lat' dir='ltr'>continentem</span> <span class='ocrx_word' id='word_1_38' title='bbox 332 797 369 855; x_wconf 89' lang='lat' dir='ltr'>ab</span> <span class='ocrx_word' id='word_1_39' title='bbox 393 796 491 855; x_wconf 89' lang='lat' dir='ltr'>altera</span> <span class='ocrx_word' id='word_1_40' title='bbox 514 796 552 855; x_wconf 89' lang='lat' dir='ltr'>ad</span> <span class='ocrx_word' id='word_1_41' title='bbox 575 796 731 873; x_wconf 79' lang='lat' dir='ltr'>generales</span> <span class='ocrx_word' id='word_1_42' title='bbox 753 813 802 855; x_wconf 90' lang='lat' dir='ltr'>res</span> <span class='ocrx_word' id='word_1_43' title='bbox 820 797 1035 872; x_wconf 88' lang='lat' dir='ltr'>grammaticas</span> <span class='ocrx_word' id='word_1_44' title='bbox 1053 817 1119 873; x_wconf 92' lang='lat' dir='ltr'>per-</span> 
     </span>
     <span class='ocr_line' id='line_1_8' title="bbox 106 880 1119 962; baseline 0.002 -19"><span class='ocrx_word' id='word_1_45' title='bbox 106 887 221 944; x_wconf 88' lang='lat' dir='ltr'>tinente</span> <span class='ocrx_word' id='word_1_46' title='bbox 236 887 411 946; x_wconf 86' lang='lat' dir='ltr'>secerneret.</span> <span class='ocrx_word' id='word_1_47' title='bbox 447 883 493 944; x_wconf 88' lang='lat' dir='ltr'>De</span> <span class='ocrx_word' id='word_1_48' title='bbox 511 885 567 943; x_wconf 88' lang='lat' dir='ltr'>hac</span> <span class='ocrx_word' id='word_1_49' title='bbox 585 904 627 962; x_wconf 88' lang='lat' dir='ltr'>re,</span> <span class='ocrx_word' id='word_1_50' title='bbox 650 903 710 959; x_wconf 90' lang='lat' dir='ltr'>qua</span> <span class='ocrx_word' id='word_1_51' title='bbox 723 884 864 943; x_wconf 89' lang='lat' dir='ltr'>librarius</span> <span class='ocrx_word' id='word_1_52' title='bbox 878 886 972 945; x_wconf 87' lang='lat' dir='ltr'>verba</span> <span class='ocrx_word' id='word_1_53' title='bbox 986 880 1119 945; x_wconf 83' lang='lat' dir='ltr'>auotoiis</span> 
     </span>
     <span class='ocr_line' id='line_1_9' title="bbox 27 974 1120 1055; baseline 0 -23"><span class='ocrx_word' id='word_1_54' title='bbox 27 1040 35 1055; x_wconf 22' lang='grc' dir='ltr'>κ</span> <span class='ocrx_word' id='word_1_55' title='bbox 106 974 245 1033; x_wconf 88' lang='lat' dir='ltr'>omittere</span> <span class='ocrx_word' id='word_1_56' title='bbox 273 974 321 1032; x_wconf 84' lang='lat' dir='ltr'>vel</span> <span class='ocrx_word' id='word_1_57' title='bbox 351 975 469 1032; x_wconf 91' lang='lat' dir='ltr'>mutare</span> <span class='ocrx_word' id='word_1_58' title='bbox 503 991 718 1049; x_wconf 91' lang='lat' dir='ltr'>nonnunquam</span> <span class='ocrx_word' id='word_1_59' title='bbox 752 975 873 1033; x_wconf 87' lang='lat' dir='ltr'>coactus</span> <span class='ocrx_word' id='word_1_60' title='bbox 905 976 963 1052; x_wconf 91' lang='lat' dir='ltr'>est,</span> <span class='ocrx_word' id='word_1_61' title='bbox 995 974 1058 1032; x_wconf 91' lang='lat' dir='ltr'>iam</span> <span class='ocrx_word' id='word_1_62' title='bbox 1087 975 1120 1032; x_wconf 92' lang='lat' dir='ltr'>in</span> 
     </span>
     <span class='ocr_line' id='line_1_10' title="bbox 109 1061 989 1138; baseline -0.002 -17"><span class='ocrx_word' id='word_1_63' title='bbox 109 1062 358 1122; x_wconf 81' lang='lat' dir='ltr'>commentatione</span> <span class='ocrx_word' id='word_1_64' title='bbox 380 1064 548 1121; x_wconf 89' lang='lat' dir='ltr'>memorata</span> <span class='ocrx_word' id='word_1_65' title='bbox 569 1081 599 1138; x_wconf 88' lang='lat' dir='ltr'>p.</span> <span class='ocrx_word' id='word_1_66' title='bbox 624 1063 664 1120; x_wconf 82' lang='lat'>28</span> <span class='ocrx_word' id='word_1_67' title='bbox 690 1079 712 1122; x_wconf 92' lang='grc'>1.</span> <span class='ocrx_word' id='word_1_68' title='bbox 730 1061 828 1121; x_wconf 85' lang='lat' dir='ltr'>fusius</span> <span class='ocrx_word' id='word_1_69' title='bbox 851 1063 989 1123; x_wconf 77' lang='lat' dir='ltr'>tractavi.</span> 
     </span>
    </p>

    <p class='ocr_par' dir='ltr' id='par_1_4' title="bbox 102 1149 1119 3086">
     <span class='ocr_line' id='line_1_11' title="bbox 195 1149 1119 1227; baseline 0.003 -19"><span class='ocrx_word' id='word_1_70' title='bbox 195 1150 331 1226; x_wconf 78' lang='lat' dir='ltr'>Scriptus</span> <span class='ocrx_word' id='word_1_71' title='bbox 359 1152 406 1210; x_wconf 91' lang='lat' dir='ltr'>est</span> <span class='ocrx_word' id='word_1_72' title='bbox 432 1150 524 1211; x_wconf 85' lang='lat' dir='ltr'>codex</span> <span class='ocrx_word' id='word_1_73' title='bbox 551 1149 689 1209; x_wconf 89' lang='lat' dir='ltr'>manibus</span> <span class='ocrx_word' id='word_1_74' title='bbox 717 1150 808 1208; x_wconf 89' lang='lat' dir='ltr'>variis</span> <span class='ocrx_word' id='word_1_75' title='bbox 836 1153 926 1226; x_wconf 90' lang='lat' dir='ltr'>atque</span> <span class='ocrx_word' id='word_1_76' title='bbox 952 1151 1119 1227; x_wconf 87' lang='lat' dir='ltr'>scripturae</span> 
     </span>
     <span class='ocr_line' id='line_1_12' title="bbox 106 1237 1118 1316; baseline 0.001 -18"><span class='ocrx_word' id='word_1_77' title='bbox 106 1237 262 1298; x_wconf 88' lang='lat' dir='ltr'>Oasinensi</span> <span class='ocrx_word' id='word_1_78' title='bbox 289 1257 379 1316; x_wconf 89' lang='lat' dir='ltr'>quam</span> <span class='ocrx_word' id='word_1_79' title='bbox 407 1239 511 1298; x_wconf 89' lang='lat' dir='ltr'>dicunt</span> <span class='ocrx_word' id='word_1_80' title='bbox 537 1257 598 1298; x_wconf 92' lang='lat' dir='ltr'>non</span> <span class='ocrx_word' id='word_1_81' title='bbox 620 1238 752 1298; x_wconf 86' lang='lat' dir='ltr'>absimili</span> <span class='ocrx_word' id='word_1_82' title='bbox 774 1238 875 1315; x_wconf 91' lang='lat' dir='ltr'>modo,</span> <span class='ocrx_word' id='word_1_83' title='bbox 902 1241 939 1298; x_wconf 95' lang='lat' dir='ltr'>ut</span> <span class='ocrx_word' id='word_1_84' title='bbox 960 1239 1118 1316; x_wconf 84' lang='lat' dir='ltr'>Meynokio</span> 
     </span>
     <span class='ocr_line' id='line_1_13' title="bbox 106 1326 1118 1405; baseline 0.001 -18"><span class='ocrx_word' id='word_1_85' title='bbox 106 1329 226 1404; x_wconf 89' lang='lat' dir='ltr'>quidem</span> <span class='ocrx_word' id='word_1_86' title='bbox 238 1327 336 1387; x_wconf 82' lang='lat' dir='ltr'>visum</span> <span class='ocrx_word' id='word_1_87' title='bbox 351 1329 405 1388; x_wconf 91' lang='grc'><strong>111.</strong></span> <span class='ocrx_word' id='word_1_88' title='bbox 436 1327 474 1386; x_wconf 91' lang='lat' dir='ltr'>In</span> <span class='ocrx_word' id='word_1_89' title='bbox 488 1346 524 1387; x_wconf 88' lang='lat' dir='ltr'>ea</span> <span class='ocrx_word' id='word_1_90' title='bbox 536 1330 632 1405; x_wconf 88' lang='lat' dir='ltr'>parto,</span> <span class='ocrx_word' id='word_1_91' title='bbox 647 1346 723 1403; x_wconf 91' lang='lat' dir='ltr'>quae</span> <span class='ocrx_word' id='word_1_92' title='bbox 733 1326 857 1404; x_wconf 76' lang='lat' dir='ltr'>Virgilii</span> <span class='ocrx_word' id='word_1_93' title='bbox 871 1346 963 1404; x_wconf 90' lang='lat' dir='ltr'>opera</span> <span class='ocrx_word' id='word_1_94' title='bbox 976 1329 1118 1404; x_wconf 87' lang='lat' dir='ltr'>continet,</span> 
     </span>
     <span class='ocr_line' id='line_1_14' title="bbox 103 1415 1118 1496; baseline 0.002 -22"><span class='ocrx_word' id='word_1_95' title='bbox 103 1419 194 1476; x_wconf 89' lang='lat' dir='ltr'>notae</span> <span class='ocrx_word' id='word_1_96' title='bbox 203 1417 386 1493; x_wconf 82' lang='lat' dir='ltr'>margInales</span> <span class='ocrx_word' id='word_1_97' title='bbox 397 1416 514 1475; x_wconf 90' lang='lat' dir='ltr'>duabus</span> <span class='ocrx_word' id='word_1_98' title='bbox 523 1416 662 1475; x_wconf 91' lang='lat' dir='ltr'>manibus</span> <span class='ocrx_word' id='word_1_99' title='bbox 676 1415 830 1475; x_wconf 82' lang='lat' dir='ltr'>confectae</span> <span class='ocrx_word' id='word_1_100' title='bbox 845 1418 972 1493; x_wconf 87' lang='lat' dir='ltr'>exstant,</span> <span class='ocrx_word' id='word_1_101' title='bbox 987 1433 1118 1496; x_wconf 90' lang='lat' dir='ltr'>quarum</span> 
     </span>
     <span class='ocr_line' id='line_1_15' title="bbox 106 1503 1118 1580; baseline 0.001 -16"><span class='ocrx_word' id='word_1_102' title='bbox 106 1505 268 1580; x_wconf 90' lang='lat' dir='ltr'>specimina</span> <span class='ocrx_word' id='word_1_103' title='bbox 301 1505 450 1580; x_wconf 88' lang='lat' dir='ltr'>quaedam</span> <span class='ocrx_word' id='word_1_104' title='bbox 482 1505 515 1562; x_wconf 94' lang='lat' dir='ltr'>in</span> <span class='ocrx_word' id='word_1_105' title='bbox 547 1503 740 1564; x_wconf 86' lang='lat' dir='ltr'>adnotatione</span> <span class='ocrx_word' id='word_1_106' title='bbox 770 1505 982 1579; x_wconf 88' lang='lat' dir='ltr'>deprehendes.</span> <span class='ocrx_word' id='word_1_107' title='bbox 1037 1504 1118 1576; x_wconf 74' lang='lat' dir='ltr'>Quas</span> 
     </span>
     <span class='ocr_line' id='line_1_16' title="bbox 105 1592 1118 1671; baseline 0.001 -19"><span class='ocrx_word' id='word_1_108' title='bbox 105 1596 292 1653; x_wconf 89' lang='lat' dir='ltr'>correcturas</span> <span class='ocrx_word' id='word_1_109' title='bbox 318 1593 368 1651; x_wconf 92' lang='lat' dir='ltr'>hic</span> <span class='ocrx_word' id='word_1_110' title='bbox 394 1592 474 1652; x_wconf 89' lang='lat' dir='ltr'>liber</span> <span class='ocrx_word' id='word_1_111' title='bbox 501 1593 541 1652; x_wconf 89' lang='lat' dir='ltr'>sit</span> <span class='ocrx_word' id='word_1_112' title='bbox 567 1611 687 1669; x_wconf 87' lang='lat' dir='ltr'>passus,</span> <span class='ocrx_word' id='word_1_113' title='bbox 715 1611 751 1651; x_wconf 88' lang='lat' dir='ltr'>ex</span> <span class='ocrx_word' id='word_1_114' title='bbox 778 1593 858 1652; x_wconf 87' lang='lat' dir='ltr'>notis</span> <span class='ocrx_word' id='word_1_115' title='bbox 884 1594 1015 1671; x_wconf 80' lang='lat' dir='ltr'>patebit3</span> <span class='ocrx_word' id='word_1_116' title='bbox 1049 1612 1118 1654; x_wconf 89' lang='lat' dir='ltr'>oum</span> 
     </span>
     <span class='ocr_line' id='line_1_17' title="bbox 105 1680 1118 1758; baseline 0.001 -17"><span class='ocrx_word' id='word_1_117' title='bbox 105 1684 207 1741; x_wconf 88' lang='lat' dir='ltr'>autern</span> <span class='ocrx_word' id='word_1_118' title='bbox 231 1681 303 1758; x_wconf 92' lang='lat' dir='ltr'>quid</span> <span class='ocrx_word' id='word_1_119' title='bbox 325 1680 450 1740; x_wconf 89' lang='lat' dir='ltr'>librario</span> <span class='ocrx_word' id='word_1_120' title='bbox 474 1682 620 1741; x_wconf 87' lang='lat' dir='ltr'>debeatur</span> <span class='ocrx_word' id='word_1_121' title='bbox 643 1681 717 1757; x_wconf 91' lang='lat' dir='ltr'>quid</span> <span class='ocrx_word' id='word_1_122' title='bbox 739 1682 900 1741; x_wconf 88' lang='lat' dir='ltr'>correctori</span> <span class='ocrx_word' id='word_1_123' title='bbox 922 1701 982 1741; x_wconf 94' lang='lat' dir='ltr'>non</span> <span class='ocrx_word' id='word_1_124' title='bbox 1005 1682 1118 1758; x_wconf 87' lang='lat' dir='ltr'>ubique</span> 
     </span>
     <span class='ocr_line' id='line_1_18' title="bbox 103 1769 1118 1847; baseline 0.001 -17"><span class='ocrx_word' id='word_1_125' title='bbox 103 1770 238 1847; x_wconf 87' lang='lat' dir='ltr'>potuerit</span> <span class='ocrx_word' id='word_1_126' title='bbox 261 1769 402 1843; x_wconf 88' lang='lat' dir='ltr'>discerni,</span> <span class='ocrx_word' id='word_1_127' title='bbox 426 1770 499 1830; x_wconf 92' lang='lat' dir='ltr'>satis</span> <span class='ocrx_word' id='word_1_128' title='bbox 522 1771 615 1830; x_wconf 88' lang='lat' dir='ltr'>habui</span> <span class='ocrx_word' id='word_1_129' title='bbox 633 1771 811 1847; x_wconf 89' lang='lat' dir='ltr'>plerumque</span> <span class='ocrx_word' id='word_1_130' title='bbox 830 1774 1018 1830; x_wconf 86' lang='lat' dir='ltr'>correcturas</span> <span class='ocrx_word' id='word_1_131' title='bbox 1037 1772 1118 1832; x_wconf 89' lang='lat' dir='ltr'>solas</span> 
     </span>
     <span class='ocr_line' id='line_1_19' title="bbox 103 1859 1117 1936; baseline 0.002 -18"><span class='ocrx_word' id='word_1_132' title='bbox 103 1859 244 1919; x_wconf 88' lang='lat' dir='ltr'>indicare.</span> <span class='ocrx_word' id='word_1_133' title='bbox 289 1861 391 1935; x_wconf 88' lang='lat' dir='ltr'>Atque</span> <span class='ocrx_word' id='word_1_134' title='bbox 414 1859 541 1919; x_wconf 86' lang='lat' dir='ltr'>correcti</span> <span class='ocrx_word' id='word_1_135' title='bbox 564 1863 634 1920; x_wconf 91' lang='lat' dir='ltr'>sunt</span> <span class='ocrx_word' id='word_1_136' title='bbox 660 1878 721 1919; x_wconf 92' lang='lat' dir='ltr'>non</span> <span class='ocrx_word' id='word_1_137' title='bbox 749 1859 848 1919; x_wconf 88' lang='lat' dir='ltr'>solum</span> <span class='ocrx_word' id='word_1_138' title='bbox 875 1860 973 1936; x_wconf 88' lang='lat' dir='ltr'>aperti</span> <span class='ocrx_word' id='word_1_139' title='bbox 1001 1879 1117 1920; x_wconf 88' lang='lat' dir='ltr'>errores</span> 
     </span>
     <span class='ocr_line' id='line_1_20' title="bbox 103 1948 1118 2024; baseline 0.001 -17"><span class='ocrx_word' id='word_1_140' title='bbox 103 1948 221 2008; x_wconf 90' lang='lat' dir='ltr'>librarii</span> <span class='ocrx_word' id='word_1_141' title='bbox 249 1968 284 2008; x_wconf 86' lang='lat' dir='ltr'>ex</span> <span class='ocrx_word' id='word_1_142' title='bbox 308 1948 473 2024; x_wconf 89' lang='lat' dir='ltr'>exemplari</span> <span class='ocrx_word' id='word_1_143' title='bbox 499 1967 559 2007; x_wconf 92' lang='lat' dir='ltr'>non</span> <span class='ocrx_word' id='word_1_144' title='bbox 587 1949 719 2022; x_wconf 85' lang='lat' dir='ltr'>diverso,</span> <span class='ocrx_word' id='word_1_145' title='bbox 748 1948 800 2007; x_wconf 91' lang='lat' dir='ltr'>sed</span> <span class='ocrx_word' id='word_1_146' title='bbox 825 1948 918 2007; x_wconf 86' lang='lat' dir='ltr'>otiam</span> <span class='ocrx_word' id='word_1_147' title='bbox 942 1950 1118 2009; x_wconf 83' lang='lat' dir='ltr'>emendatae</span> 
     </span>
     <span class='ocr_line' id='line_1_21' title="bbox 102 2035 1118 2113; baseline 0.001 -16"><span class='ocrx_word' id='word_1_148' title='bbox 102 2038 262 2097; x_wconf 87' lang='lat' dir='ltr'>verborum</span> <span class='ocrx_word' id='word_1_149' title='bbox 283 2036 399 2095; x_wconf 84' lang='lat' dir='ltr'>formae</span> <span class='ocrx_word' id='word_1_150' title='bbox 423 2036 567 2096; x_wconf 88' lang='lat' dir='ltr'>sermonis</span> <span class='ocrx_word' id='word_1_151' title='bbox 585 2035 721 2111; x_wconf 86' lang='lat' dir='ltr'>vulgaris</span> <span class='ocrx_word' id='word_1_152' title='bbox 743 2036 892 2112; x_wconf 87' lang='lat' dir='ltr'>propriae,</span> <span class='ocrx_word' id='word_1_153' title='bbox 916 2055 993 2113; x_wconf 89' lang='lat' dir='ltr'>qnae</span> <span class='ocrx_word' id='word_1_154' title='bbox 1015 2040 1118 2098; x_wconf 87' lang='lat' dir='ltr'>tamen</span> 
     </span>
     <span class='ocr_line' id='line_1_22' title="bbox 102 2124 1117 2202; baseline 0.004 -19"><span class='ocrx_word' id='word_1_155' title='bbox 102 2125 135 2183; x_wconf 92' lang='lat' dir='ltr'>in</span> <span class='ocrx_word' id='word_1_156' title='bbox 159 2126 216 2184; x_wconf 91' lang='lat' dir='ltr'>boc</span> <span class='ocrx_word' id='word_1_157' title='bbox 245 2125 322 2184; x_wconf 91' lang='lat' dir='ltr'>libro</span> <span class='ocrx_word' id='word_1_158' title='bbox 352 2126 438 2184; x_wconf 89' lang='lat' dir='ltr'>tanto</span> <span class='ocrx_word' id='word_1_159' title='bbox 468 2124 597 2183; x_wconf 89' lang='lat' dir='ltr'>rariores</span> <span class='ocrx_word' id='word_1_160' title='bbox 627 2127 698 2183; x_wconf 89' lang='lat' dir='ltr'>sunt</span> <span class='ocrx_word' id='word_1_161' title='bbox 727 2129 839 2199; x_wconf 90' lang='lat' dir='ltr'>quanto</span> <span class='ocrx_word' id='word_1_162' title='bbox 869 2125 990 2202; x_wconf 90' lang='lat' dir='ltr'>longius</span> <span class='ocrx_word' id='word_1_163' title='bbox 1024 2127 1117 2186; x_wconf 87' lang='lat' dir='ltr'>distat</span> 
     </span>
     <span class='ocr_line' id='line_1_23' title="bbox 103 2211 1118 2291; baseline 0.002 -19"><span class='ocrx_word' id='word_1_164' title='bbox 103 2218 237 2287; x_wconf 91' lang='lat' dir='ltr'>temporo</span> <span class='ocrx_word' id='word_1_165' title='bbox 257 2212 295 2270; x_wconf 93' lang='lat' dir='ltr'>ab</span> <span class='ocrx_word' id='word_1_166' title='bbox 315 2213 488 2288; x_wconf 89' lang='lat' dir='ltr'>archetypo,</span> <span class='ocrx_word' id='word_1_167' title='bbox 507 2212 545 2270; x_wconf 87' lang='lat' dir='ltr'>ad</span> <span class='ocrx_word' id='word_1_168' title='bbox 564 2212 644 2287; x_wconf 88' lang='lat' dir='ltr'>quod</span> <span class='ocrx_word' id='word_1_169' title='bbox 661 2211 739 2272; x_wconf 88' lang='lat' dir='ltr'>liber</span> <span class='ocrx_word' id='word_1_170' title='bbox 757 2213 809 2270; x_wconf 92' lang='lat' dir='ltr'>ille</span> <span class='ocrx_word' id='word_1_171' title='bbox 823 2212 979 2273; x_wconf 87' lang='lat' dir='ltr'>Parisinus</span> <span class='ocrx_word' id='word_1_172' title='bbox 992 2215 1118 2291; x_wconf 91' lang='lat' dir='ltr'>propius</span> 
     </span>
     <span class='ocr_line' id='line_1_24' title="bbox 104 2300 1117 2376; baseline 0.002 -16"><span class='ocrx_word' id='word_1_173' title='bbox 104 2300 228 2360; x_wconf 87' lang='lat' dir='ltr'>accedit.</span> <span class='ocrx_word' id='word_1_174' title='bbox 274 2300 376 2360; x_wconf 85' lang='lat' dir='ltr'>Etiam</span> <span class='ocrx_word' id='word_1_175' title='bbox 403 2301 522 2376; x_wconf 83' lang='lat' dir='ltr'>glossas</span> <span class='ocrx_word' id='word_1_176' title='bbox 549 2303 700 2360; x_wconf 86' lang='lat' dir='ltr'>corrector</span> <span class='ocrx_word' id='word_1_177' title='bbox 726 2302 878 2361; x_wconf 90' lang='lat' dir='ltr'>nonnullis</span> <span class='ocrx_word' id='word_1_178' title='bbox 905 2303 979 2362; x_wconf 90' lang='lat' dir='ltr'>locis</span> <span class='ocrx_word' id='word_1_179' title='bbox 1007 2303 1117 2363; x_wconf 88' lang='lat' dir='ltr'>adiecit</span> 
     </span>
     <span class='ocr_line' id='line_1_25' title="bbox 104 2388 1116 2466; baseline 0.004 -19"><span class='ocrx_word' id='word_1_180' title='bbox 104 2391 139 2448; x_wconf 91' lang='lat' dir='ltr'>ut</span> <span class='ocrx_word' id='word_1_181' title='bbox 161 2410 190 2464; x_wconf 90' lang='lat' dir='ltr'>p.</span> <span class='ocrx_word' id='word_1_182' title='bbox 211 2390 306 2465; x_wconf 79' lang='lat'>42,9</span> <span class='ocrx_word' id='word_1_183' title='bbox 331 2391 560 2449; x_wconf 78' lang='lat' dir='ltr'>diciiia:cousu</span> <span class='ocrx_word' id='word_1_184' title='bbox 584 2391 661 2466; x_wconf 87' lang='grc'><strong>114,</strong></span> <span class='ocrx_word' id='word_1_185' title='bbox 688 2391 704 2447; x_wconf 95' lang='lat'>1</span> <span class='ocrx_word' id='word_1_186' title='bbox 733 2390 894 2462; x_wconf 75' lang='lat' dir='ltr'>fonizooca&#39;</span> <span class='ocrx_word' id='word_1_187' title='bbox 914 2388 991 2465; x_wconf 87' lang='lat'>114,</span> <span class='ocrx_word' id='word_1_188' title='bbox 1011 2393 1030 2451; x_wconf 87' lang='lat'>6</span> <span class='ocrx_word' id='word_1_189' title='bbox 1044 2410 1116 2465; x_wconf 74' lang='lat' dir='ltr'>pro·</span> 
     </span>
     <span class='ocr_line' id='line_1_26' title="bbox 104 2477 1117 2555; baseline 0.003 -19"><span class='ocrx_word' id='word_1_190' title='bbox 104 2478 204 2536; x_wconf 83' lang='grc'><strong>1111111</strong></span> <span class='ocrx_word' id='word_1_191' title='bbox 218 2499 225 2535; x_wconf 89' lang='lat'>:</span> <span class='ocrx_word' id='word_1_192' title='bbox 238 2479 423 2552; x_wconf 75' lang='grc'><strong>1111111111.</strong></span> <span class='ocrx_word' id='word_1_193' title='bbox 477 2478 576 2536; x_wconf 88' lang='lat' dir='ltr'>Multa</span> <span class='ocrx_word' id='word_1_194' title='bbox 606 2478 639 2537; x_wconf 91' lang='lat' dir='ltr'>in</span> <span class='ocrx_word' id='word_1_195' title='bbox 670 2477 871 2555; x_wconf 88' lang='lat' dir='ltr'>Neapolitano</span> <span class='ocrx_word' id='word_1_196' title='bbox 903 2483 974 2538; x_wconf 90' lang='lat' dir='ltr'>sunt</span> <span class='ocrx_word' id='word_1_197' title='bbox 1007 2481 1117 2540; x_wconf 85' lang='lat' dir='ltr'>omissa</span> 
     </span>
     <span class='ocr_line' id='line_1_27' title="bbox 104 2565 1116 2646; baseline 0.003 -21"><span class='ocrx_word' id='word_1_198' title='bbox 104 2565 240 2644; x_wconf 88' lang='lat' dir='ltr'>inprimis</span> <span class='ocrx_word' id='word_1_199' title='bbox 273 2566 328 2626; x_wconf 87' lang='lat' dir='ltr'>snb</span> <span class='ocrx_word' id='word_1_200' title='bbox 354 2567 445 2626; x_wconf 89' lang='lat' dir='ltr'>finem</span> <span class='ocrx_word' id='word_1_201' title='bbox 475 2566 675 2644; x_wconf 87' lang='lat' dir='ltr'>epitomarum</span> <span class='ocrx_word' id='word_1_202' title='bbox 703 2566 748 2626; x_wconf 90' lang='lat' dir='ltr'>ita</span> <span class='ocrx_word' id='word_1_203' title='bbox 777 2571 813 2626; x_wconf 91' lang='lat' dir='ltr'>ut</span> <span class='ocrx_word' id='word_1_204' title='bbox 839 2567 998 2628; x_wconf 89' lang='lat' dir='ltr'>librarium</span> <span class='ocrx_word' id='word_1_205' title='bbox 1024 2569 1116 2646; x_wconf 86' lang='lat' dir='ltr'>longo</span> 
     </span>
     <span class='ocr_line' id='line_1_28' title="bbox 103 2655 1117 2731; baseline 0 -15"><span class='ocrx_word' id='word_1_206' title='bbox 103 2675 192 2731; x_wconf 90' lang='lat' dir='ltr'>opero</span> <span class='ocrx_word' id='word_1_207' title='bbox 219 2656 348 2716; x_wconf 86' lang='lat' dir='ltr'>fortasse</span> <span class='ocrx_word' id='word_1_208' title='bbox 376 2657 528 2716; x_wconf 84' lang='lat' dir='ltr'>defossum</span> <span class='ocrx_word' id='word_1_209' title='bbox 557 2656 691 2715; x_wconf 90' lang='lat' dir='ltr'>laborem</span> <span class='ocrx_word' id='word_1_210' title='bbox 720 2655 871 2716; x_wconf 86' lang='lat' dir='ltr'>mutilatis</span> <span class='ocrx_word' id='word_1_211' title='bbox 901 2659 932 2716; x_wconf 89' lang='lat' dir='ltr'>et</span> <span class='ocrx_word' id='word_1_212' title='bbox 961 2656 999 2716; x_wconf 89' lang='lat' dir='ltr'>ad</span> <span class='ocrx_word' id='word_1_213' title='bbox 1027 2675 1117 2716; x_wconf 90' lang='lat' dir='ltr'>sunm</span> 
     </span>
     <span class='ocr_line' id='line_1_29' title="bbox 102 2743 1116 2820; baseline 0.004 -17"><span class='ocrx_word' id='word_1_214' title='bbox 102 2763 192 2803; x_wconf 90' lang='grc'><strong>111111</strong></span> <span class='ocrx_word' id='word_1_215' title='bbox 215 2744 344 2804; x_wconf 88' lang='lat' dir='ltr'>redactis</span> <span class='ocrx_word' id='word_1_216' title='bbox 371 2745 521 2820; x_wconf 82' lang='lat' dir='ltr'>capitibus</span> <span class='ocrx_word' id='word_1_217' title='bbox 550 2743 609 2804; x_wconf 85' lang='lat' dir='ltr'>eibi</span> <span class='ocrx_word' id='word_1_218' title='bbox 636 2745 770 2804; x_wconf 88' lang='lat' dir='ltr'>minuere</span> <span class='ocrx_word' id='word_1_219' title='bbox 792 2745 924 2807; x_wconf 85' lang='lat' dir='ltr'>voluisse</span> <span class='ocrx_word' id='word_1_220' title='bbox 947 2745 1116 2808; x_wconf 86' lang='lat' dir='ltr'>conieceris.</span> 
     </span>
     <span class='ocr_line' id='line_1_30' title="bbox 102 2832 1117 2912; baseline 0.004 -22"><span class='ocrx_word' id='word_1_221' title='bbox 102 2834 143 2891; x_wconf 87' lang='lat' dir='ltr'>At</span> <span class='ocrx_word' id='word_1_222' title='bbox 156 2833 188 2890; x_wconf 94' lang='lat' dir='ltr'>in</span> <span class='ocrx_word' id='word_1_223' title='bbox 203 2833 348 2908; x_wconf 86' lang='lat' dir='ltr'>epistolis,</span> <span class='ocrx_word' id='word_1_224' title='bbox 366 2852 442 2908; x_wconf 89' lang='lat' dir='ltr'>quae</span> <span class='ocrx_word' id='word_1_225' title='bbox 459 2832 625 2909; x_wconf 90' lang='lat' dir='ltr'>prinoipem</span> <span class='ocrx_word' id='word_1_226' title='bbox 643 2833 743 2892; x_wconf 92' lang='lat' dir='ltr'>locum</span> <span class='ocrx_word' id='word_1_227' title='bbox 756 2836 869 2912; x_wconf 87' lang='lat' dir='ltr'>tenent,</span> <span class='ocrx_word' id='word_1_228' title='bbox 887 2835 984 2893; x_wconf 88' lang='lat' dir='ltr'>multo</span> <span class='ocrx_word' id='word_1_229' title='bbox 998 2835 1117 2894; x_wconf 89' lang='lat' dir='ltr'>minora</span> 
     </span>
     <span class='ocr_line' id='line_1_31' title="bbox 104 2920 1116 2998; baseline 0.002 -17"><span class='ocrx_word' id='word_1_230' title='bbox 104 2920 214 2981; x_wconf 86' lang='lat' dir='ltr'>omissa</span> <span class='ocrx_word' id='word_1_231' title='bbox 228 2938 292 2979; x_wconf 88' lang='lat' dir='ltr'>esse</span> <span class='ocrx_word' id='word_1_232' title='bbox 305 2921 454 2997; x_wconf 80' lang='lat' dir='ltr'>videntur,</span> <span class='ocrx_word' id='word_1_233' title='bbox 474 2921 553 2998; x_wconf 92' lang='lat' dir='ltr'>quod</span> <span class='ocrx_word' id='word_1_234' title='bbox 571 2938 639 2979; x_wconf 90' lang='lat' dir='ltr'>cum</span> <span class='ocrx_word' id='word_1_235' title='bbox 656 2921 689 2980; x_wconf 94' lang='lat' dir='ltr'>in</span> <span class='ocrx_word' id='word_1_236' title='bbox 705 2922 762 2981; x_wconf 90' lang='lat' dir='ltr'>hoo</span> <span class='ocrx_word' id='word_1_237' title='bbox 780 2923 859 2982; x_wconf 92' lang='lat' dir='ltr'>libro</span> <span class='ocrx_word' id='word_1_238' title='bbox 872 2942 934 2982; x_wconf 92' lang='lat' dir='ltr'>uno</span> <span class='ocrx_word' id='word_1_239' title='bbox 949 2926 1116 2998; x_wconf 82' lang='lat' dir='ltr'>serventur,</span> 
     </span>
     <span class='ocr_line' id='line_1_32' title="bbox 102 3009 729 3086; baseline -0.002 -16"><span class='ocrx_word' id='word_1_240' title='bbox 102 3012 191 3086; x_wconf 86' lang='lat' dir='ltr'>grata</span> <span class='ocrx_word' id='word_1_241' title='bbox 213 3009 349 3070; x_wconf 79' lang='lat' dir='ltr'>Minerva</span> <span class='ocrx_word' id='word_1_242' title='bbox 370 3009 485 3070; x_wconf 86' lang='lat' dir='ltr'>factum</span> <span class='ocrx_word' id='word_1_243' title='bbox 508 3028 572 3069; x_wconf 90' lang='lat' dir='ltr'>esse</span> <span class='ocrx_word' id='word_1_244' title='bbox 596 3013 729 3086; x_wconf 90' lang='lat' dir='ltr'>apparot.</span> 
     </span>
    </p>

    <p class='ocr_par' dir='ltr' id='par_1_5' title="bbox 101 3097 1117 3532">
     <span class='ocr_line' id='line_1_33' title="bbox 191 3097 1117 3176; baseline 0.004 -20"><span class='ocrx_word' id='word_1_245' title='bbox 191 3097 240 3156; x_wconf 89' lang='lat' dir='ltr'>Ad</span> <span class='ocrx_word' id='word_1_246' title='bbox 272 3097 385 3156; x_wconf 89' lang='lat' dir='ltr'>librum</span> <span class='ocrx_word' id='word_1_247' title='bbox 413 3098 649 3174; x_wconf 86' lang='lat' dir='ltr'>Neapolitanum</span> <span class='ocrx_word' id='word_1_248' title='bbox 678 3099 794 3174; x_wconf 88' lang='lat' dir='ltr'>primns</span> <span class='ocrx_word' id='word_1_249' title='bbox 824 3103 855 3159; x_wconf 89' lang='lat' dir='ltr'>et</span> <span class='ocrx_word' id='word_1_250' title='bbox 885 3100 966 3159; x_wconf 90' lang='lat' dir='ltr'>solus</span> <span class='ocrx_word' id='word_1_251' title='bbox 992 3099 1117 3176; x_wconf 87' lang='lat' dir='ltr'>Virgilii</span> 
     </span>
     <span class='ocr_line' id='line_1_34' title="bbox 102 3186 1114 3265; baseline 0.003 -18"><span class='ocrx_word' id='word_1_252' title='bbox 102 3187 246 3264; x_wconf 87' lang='lat' dir='ltr'>epistolas</span> <span class='ocrx_word' id='word_1_253' title='bbox 269 3186 413 3262; x_wconf 85' lang='lat' dir='ltr'>integras,</span> <span class='ocrx_word' id='word_1_254' title='bbox 436 3187 583 3262; x_wconf 89' lang='lat' dir='ltr'>epitomas</span> <span class='ocrx_word' id='word_1_255' title='bbox 607 3190 708 3246; x_wconf 90' lang='lat' dir='ltr'>autem</span> <span class='ocrx_word' id='word_1_256' title='bbox 732 3189 903 3248; x_wconf 86' lang='lat' dir='ltr'>decurtatae</span> <span class='ocrx_word' id='word_1_257' title='bbox 923 3188 1018 3248; x_wconf 90' lang='lat' dir='ltr'>edidit</span> <span class='ocrx_word' id='word_1_258' title='bbox 1035 3190 1114 3265; x_wconf 88' lang='lat' dir='ltr'>Ang.</span> 
     </span>
     <span class='ocr_line' id='line_1_35' title="bbox 101 3274 1116 3353; baseline 0 -17"><span class='ocrx_word' id='word_1_259' title='bbox 101 3277 208 3351; x_wconf 90' lang='lat' dir='ltr'>Maius,</span> <span class='ocrx_word' id='word_1_260' title='bbox 231 3276 263 3334; x_wconf 94' lang='lat' dir='ltr'>in</span> <span class='ocrx_word' id='word_1_261' title='bbox 285 3278 366 3335; x_wconf 86' lang='lat' dir='ltr'>tomo</span> <span class='ocrx_word' id='word_1_262' title='bbox 385 3274 421 3333; x_wconf 91' lang='lat' dir='ltr'>V.</span> <span class='ocrx_word' id='word_1_263' title='bbox 446 3274 638 3335; x_wconf 87' lang='lat' dir='ltr'>classicorum</span> <span class='ocrx_word' id='word_1_264' title='bbox 661 3279 818 3336; x_wconf 88' lang='lat' dir='ltr'>anctorum</span> <span class='ocrx_word' id='word_1_265' title='bbox 836 3297 865 3353; x_wconf 92' lang='lat' dir='ltr'>p.</span> <span class='ocrx_word' id='word_1_266' title='bbox 887 3279 1025 3338; x_wconf 88' lang='grc'><strong>1-149.</strong></span> <span class='ocrx_word' id='word_1_267' title='bbox 1059 3278 1116 3337; x_wconf 89' lang='lat' dir='ltr'>Vir</span> 
     </span>
     <span class='ocr_line' id='line_1_36' title="bbox 101 3363 1116 3439; baseline 0.001 -15"><span class='ocrx_word' id='word_1_268' title='bbox 101 3364 291 3424; x_wconf 89' lang='lat' dir='ltr'>doctissimus</span> <span class='ocrx_word' id='word_1_269' title='bbox 299 3363 452 3424; x_wconf 88' lang='lat' dir='ltr'>cumlibro</span> <span class='ocrx_word' id='word_1_270' title='bbox 462 3363 663 3439; x_wconf 89' lang='lat' dir='ltr'>Neapolitano</span> <span class='ocrx_word' id='word_1_271' title='bbox 671 3366 768 3425; x_wconf 89' lang='lat' dir='ltr'>denuo</span> <span class='ocrx_word' id='word_1_272' title='bbox 777 3366 945 3439; x_wconf 87' lang='lat' dir='ltr'>examinato</span> <span class='ocrx_word' id='word_1_273' title='bbox 953 3366 1116 3426; x_wconf 88' lang='lat' dir='ltr'>editionem</span> 
     </span>
     <span class='ocr_line' id='line_1_37' title="bbox 103 3454 1117 3532; baseline 0.003 -20"><span class='ocrx_word' id='word_1_274' title='bbox 103 3454 231 3512; x_wconf 88' lang='lat' dir='ltr'>alteram</span> <span class='ocrx_word' id='word_1_275' title='bbox 250 3471 374 3529; x_wconf 86' lang='lat' dir='ltr'>eamque</span> <span class='ocrx_word' id='word_1_276' title='bbox 398 3454 579 3531; x_wconf 86' lang='lat' dir='ltr'>castigatam</span> <span class='ocrx_word' id='word_1_277' title='bbox 601 3457 681 3514; x_wconf 88' lang='lat' dir='ltr'>esset</span> <span class='ocrx_word' id='word_1_278' title='bbox 702 3457 872 3531; x_wconf 85' lang='lat' dir='ltr'>paraturus,</span> <span class='ocrx_word' id='word_1_279' title='bbox 893 3457 991 3516; x_wconf 89' lang='lat' dir='ltr'>morte</span> <span class='ocrx_word' id='word_1_280' title='bbox 1009 3456 1117 3532; x_wconf 88' lang='lat' dir='ltr'>abrep-</span> 
     </span>
    </p>
   </div>
   <div class='ocr_carea' id='block_1_3' title="bbox 0 0 1222 3840">
    <p class='ocr_par' dir='ltr' id='par_1_6' title="bbox 0 0 1222 3840">
     <span class='ocr_line' id='line_1_38' title="bbox 0 0 1222 3840; baseline 0 1"><span class='ocrx_word' id='word_1_281' title='bbox 0 0 1222 3840; x_wconf 95' lang='lat' dir='ltr'> </span> 
     </span>
    </p>
   </div>
  </div>
 </body>
</html>
