2436 3840
445 112 495 168 IV.
523 111 571 166 DE
589 111 734 170 METRIS.
1060 113 1098 178 17

80 264 263 331 uolutatum
285 265 404 348 sepiter
424 268 636 348 usurpantur,
663 268 700 329 ut
729 267 805 329 sunt
834 267 1037 329 cantamenta
1066 269 1099 329 66

80 349 283 432 constetne,
307 349 423 432 quibus
446 349 498 413 uel
516 349 654 414 maxime
670 347 865 433 Sagillius
880 369 1050 432 germanus
1067 355 1099 414 et

80 433 279 498 Vitellius
300 436 397 498 utunt
436 480 443 496 .
480 437 513 498 et
533 434 590 499 ille
612 433 741 517 quidem
763 435 797 499 in
819 433 929 498 libello
951 434 1098 498 demere

80 522 114 666 36
141 519 219 582 luna
240 518 360 601 scripto
383 518 492 582 statim
514 518 548 582 in
563 519 727 602 prooemio
743 521 985 584 cantamentum
1000 519 1099 584 insuit

102 624 191 668 roens
1124 622 1137 660 5

327 723 416 768 more
437 707 466 768 et
487 704 565 769 6666
606 709 797 769 concurrunt
816 725 885 771 uua

327 789 395 852 uiue
416 788 535 853 aluere
577 793 749 871 temporum
767 791 882 872 966666.

81 907 145 971 iste
178 927 254 971 uero
281 905 316 970 in
343 904 438 970 laude
459 904 625 970 Matronae
652 906 762 970 uxoris
793 927 869 971 suae
891 907 1099 972 cantatellam

81 992 161 1056 sutis
185 989 355 1058 iocundam
376 990 496 1068 intulit,
519 989 554 1052 in
577 989 713 1074 quadem
736 990 782 1055 ita
802 992 918 1056 infiens

210 1130 291 1190 meo,
316 1131 387 1175 mou
408 1108 577 1190 Matrona,
598 1112 689 1174 tuum
710 1109 1002 1193 amplecteremur,
1109 1130 1135 1169 10

210 1195 301 1261 uobis
322 1195 435 1262 auimo
455 1212 525 1258 uuo
545 1193 630 1258 heret
651 1213 754 1275 oquae
776 1199 917 1260 arctura.

168 1311 212 1376 Et
233 1313 387 1395 quoniam
408 1310 447 1374 de
467 1308 649 1374 rhetoribus
670 1313 703 1374 et
718 1310 868 1394 leporicis
883 1313 1101 1377 mentiunoula

81 1395 168 1460 faota
182 1399 231 1461 est
245 1401 278 1460 et
292 1398 331 1462 de
345 1397 455 1460 metris
471 1398 568 1478 atque
582 1395 778 1460 carminibus
793 1417 896 1461 sermo
910 1417 1100 1482 progressus

82 1484 141 1558 est,
163 1481 310 1547 uideatur
323 1480 403 1545 mihi
419 1479 622 1544 commodum
638 1501 717 1559 esse,
741 1484 778 1545 ut
793 1481 962 1565 aliquando
977 1480 1016 1546 de
1031 1482 1099 1546 filo-

82 1564 214 1648 sophiae
246 1566 419 1651 generibus
445 1580 628 1628 memorem.
671 1565 844 1649 filosophia
872 1570 921 1631 est
948 1587 1039 1632 amor
1067 1571 1101 1631 et
1113 1583 1139 1624 15

82 1649 220 1713 intentio
242 1650 428 1734 sapientiae,
452 1669 533 1732 quae
554 1648 629 1713 fons
651 1653 684 1714 et
703 1652 822 1714 matrix
837 1654 886 1715 est
900 1652 1006 1716 omnis
1021 1653 1099 1716 artis

82 1754 122 1797 66
144 1734 345 1819 disciptinae,
368 1734 453 1798 unde
476 1737 509 1796 et
531 1734 636 1796 omnis
659 1734 716 1817 qui
737 1734 773 1798 in
794 1756 993 1818 quacumque
1008 1739 1100 1819 parte

81 1819 152 1881 siue
175 1818 305 1882 caelesti
326 1819 395 1882 siue
415 1816 560 1881 terrestri
581 1839 663 1901 puro
686 1838 795 1882 amore
817 1824 850 1882 et
864 1819 990 1882 intenta
1012 1819 1100 1883 solli-

82 1900 224 1966 eitudine
240 1902 396 1987 sapificet,
417 1901 594 1985 filosophus
613 1901 766 1966 dicendus
781 1905 831 1967 666
844 1905 939 1967 reete.
969 1906 1099 1968 nostrae

82 1989 189 2051 erstem
222 1987 409 2071 filosophiae
441 1989 526 2051 artes
558 1991 634 2051 sunt
659 1986 796 2070 multae,
830 2008 965 2070 quarum
992 1988 1098 2053 studia
1112 2008 1139 2050 ao

81 2071 274 2218 fnnoipalia
296 2074 387 2136 sunt:
416 2093 538 2156 poema,
561 2071 714 2154 rhetorio,
736 2091 866 2156 grama,
879 2072 1012 2158 leporio,
1035 2074 1100 2138 dia·

97 2160 181 2236 eota,
210 2157 387 2242 geometria
414 2160 448 2221 et
469 2159 589 2241 cetera,
617 2178 700 2240 quae
721 2178 789 2222 nou
810 2161 878 2222 tam
901 2158 1100 2223 emulitatem

83 2262 180 2323 quam
208 2242 426 2307 curiositatem
451 2240 676 2326 praetendunt.
721 2241 806 2306 inter
835 2263 951 2326 poema
973 2247 1006 2308 et
1026 2243 1098 2308 rhe-

84 2326 201 2390 toriam
223 2327 287 2392 hoo
309 2326 424 2411 distat,
453 2326 539 2410 quod
561 2347 675 2410 poema
697 2327 747 2390 sui
770 2328 925 2392 uarietate
947 2330 1100 2392 contenta

152 2517 164 2564 1
193 2511 370 2565 voluntatem
400 2509 443 2577 N,
472 2509 538 2576 fort.
571 2509 750 2564 voluntatum
771 2511 782 2578 ΙΙ
803 2511 977 2565 cantametra
1003 2510 1032 2563 P
1052 2512 1062 2578 ΙΙ
1085 2518 1100 2564 2

81 2579 223 2702 6666611666-
237 2621 266 2675 P
281 2622 324 2690 114
347 2621 380 2674 ut
402 2619 436 2673 N
448 2621 458 2688 ΙΙ
476 2619 591 2687 6666ᾷῇ66
613 2619 642 2673 P
656 2619 670 2689 [l
684 2619 838 2687 proheenio
854 2620 896 2688 P,
915 2619 1024 2690 premio
1043 2618 1078 2672 N
1087 2621 1099 2688 tt

82 2711 226 2786 cauae
239 2730 292 2799 rur
304 2730 369 2797 66.
382 2729 708 2799 inseruiausuxrorur
719 2729 729 2798 ιι
742 2721 968 2797 6666666611
981 2728 1101 2784 tracon-

83 2799 150 2853 dum
167 2801 204 2866 P,
222 2813 273 2853 om.
293 2798 327 2852 N
339 2800 349 2867 ΙΙ
367 2798 510 2867 quondam
528 2797 560 2851 N
574 2799 585 2867 u
601 2797 704 2851 insiens
722 2796 757 2850 N
769 2797 1023 2866 11106666(666661)
1042 2796 1077 2852 N
1085 2797 1099 2869 ΙΙ

82 2902 229 2965 matronae
243 2901 271 2953 P
282 2900 292 2968 n
306 2901 387 2967 goma
403 2901 441 2966 P,
453 2915 525 2953 zona
536 2898 588 2968 uu
604 2905 632 2952 u
647 2913 722 2966 aqua
732 2898 974 2969 metanaeas
988 2868 1102 2954 mrito-

80 3001 160 3056 ribus
177 3002 205 3056 P
217 3002 227 3070 ΙΙ
242 3007 273 3056 13
290 3017 486 3070 progressurus
498 3001 531 3056 N
540 3002 550 3068 i
563 3005 595 3054 14
607 2977 840 3069 de**filo⁰sophiae
852 3001 902 3070 (ph
914 3005 993 3070 eros.)
1005 3002 1034 3056 P
1046 3003 1056 3070 ΙΙ
1071 3007 1101 3056 16

81 3103 243 3157 memorant
252 3102 286 3156 N
294 3104 305 3172 ΙΙ
317 3118 395 3155 amor
405 3079 561 3170 quidamN
569 3102 579 3170 ΙΙ
593 3105 624 3154 16
634 3099 742 3168 quiaN
750 3101 760 3170 ΙΙ
774 3106 804 3154 17
815 3082 1101 3173 quacueipa¹te*(m)

80 3203 352 3271 Psort.quuou1nee
390 3209 421 3258 18
433 3203 539 3279 amore]
552 3202 662 3280 animae
676 3193 711 3256 N
718 3203 728 3271 u
740 3181 851 3258 intenti
869 3203 903 3257 N
914 3205 924 3272 ΙΙ
939 3210 970 3258 19
988 3181 1102 3257 66666οΡ

84 3273 210 3340 61666666
227 3271 256 3325 P
271 3272 281 3340 ΙΙ
298 3277 328 3325 21
347 3271 473 3325 rehtona
489 3271 531 3334 P,
554 3270 662 3324 rathma
679 3270 713 3325 N
726 3271 736 3338 16
753 3287 867 3341 gamma
884 3271 912 3324 P
927 3270 992 3337 fort.
1043 3285 1101 3323 am·

81 3339 190 3393 6666666
200 3339 337 3460 'Adeleeta
352 3340 380 3393 P
392 3339 402 3406 ΙΙ
415 3344 447 3391 22
465 3338 639 3405 geometrica
652 3340 680 3393 P
692 3340 702 3407 ΙΙ
715 3345 747 3392 63
765 3338 891 3392 rehtoria
901 3339 940 3402 P,
961 3337 1011 3391 rhe
1026 3338 1104 3391 oriea
1191 3404 1201 3416 ἱ

82 3406 118 3460 N
126 3407 136 3475 ΙΙ
149 3412 182 3460 24
220 3409 294 3462 66666
309 3408 337 3460 P
349 3408 359 3474 ΙΙ
371 3406 493 3459 raritete
505 3407 542 3460 P,
736 3464 739 3470 ,

134 3501 212 3552 virgil
227 3501 262 3543 66
275 3502 381 3540 Huemer.
901 3494 924 3540 ἢ.
