2436 3840
458 187 521 246 vn.
548 189 596 243 nn
616 188 746 244 unane.
979 166 984 173 '
1067 192 1109 257 59

86 344 138 411 sic
163 348 229 425 tayo
259 346 345 426 tepus
366 340 482 407 celatio
505 342 631 406 consilii
654 345 717 423 est,
747 345 781 406 at
803 346 867 426 lcpo
890 344 966 425 lepis
987 346 1108 409 tectum

86 426 236 495 uissibile
268 424 446 512 significat3
486 427 532 491 sic
568 428 607 492 do
646 427 706 491 dus
741 428 798 492 dal
833 427 961 510 isponte
1000 427 1108 514 largiti

87 516 154 591 cet,
186 512 263 578 dodo
295 512 384 577 dedis
415 511 464 575 uis
491 511 600 596 regiae
628 511 752 576 coactio
780 513 838 575 est.
890 511 936 576 sic
963 511 1107 578 Cicero

87 597 170 663 dicit
190 597 313 663 couudc'
333 598 369 661 iu
391 596 580 661 dedicionem
601 595 824 662 Romanorum
845 597 921 662 iura
943 598 1106 681 suscipere.

87 683 139 749 sic
166 680 265 747 etiam
286 680 386 763 probo
402 681 522 767 probus
543 680 676 744 alicuius
697 681 745 744 rei
767 681 959 745 examinatio
982 685 1046 765 est,
1075 686 1109 746 at
1134 700 1146 740 5

82 766 188 851 probo
204 765 316 847 probis
337 785 410 829 cum
432 786 545 830 manus
561 765 754 830 medicorum
772 767 1025 852 aegrescentium
1041 790 1108 833 eor·

87 872 170 937 pora
196 852 407 915 contractant.
453 851 500 914 sic
530 853 563 914 et
583 850 655 916 uolo
676 851 767 916 nolas
789 851 923 916 uolatile
945 856 1008 934 est,
1036 855 1108 921 uolo

86 937 142 1003 uic
162 934 382 1000 uoluntarium
404 937 463 998 est.
504 935 550 999 sic
572 938 605 999 et
627 955 698 1017 copo
721 937 804 1018 copis
825 937 1026 1003 necessitatis
1049 944 1107 1023 est,

87 1024 126 1087 at
145 1040 216 1118 copo
238 1038 330 1104 copas
352 1018 536 1083 coniunctio
561 1020 666 1084 uxoris
689 1020 729 1084 ad
752 1020 866 1084 uirum.
900 1041 1034 1107 usurpo
1043 1045 1108 1108 pus

88 1102 225 1171 alicurus
246 1104 478 1169 nominationis
501 1103 569 1168 siue
591 1105 861 1187 praesumptionis
883 1110 940 1183 est,
963 1111 996 1171 at
1015 1125 1145 1174 usur-1⁰

82 1210 145 1275 pcc
165 1209 224 1272 pes
249 1188 414 1254 inchoatio
436 1188 695 1271 conscriptionis.
740 1190 843 1254 omnis
866 1191 1050 1274 coniugatio
1072 1196 1107 1258 in

88 1274 180 1341 omni
199 1273 300 1339 uerbo
322 1273 428 1338 actiuo
451 1277 484 1338 et
498 1274 639 1338 neutrali
654 1276 729 1337 ante
748 1274 958 1338 nouissimam
978 1276 1107 1341 literam

88 1380 112 1427 a
131 1359 249 1442 recipit
269 1358 323 1423 uel
344 1380 361 1423 c
381 1357 434 1423 uel
456 1361 479 1443 i,
500 1359 536 1423 in
558 1358 647 1422 omni
669 1360 776 1422 autem
797 1360 926 1443 passiuo
943 1363 1106 1426 communi

88 1447 123 1509 et
142 1443 318 1527 deponenti
340 1447 415 1508 ante
443 1443 654 1508 nouissimam
682 1441 838 1527 syllabam
858 1443 983 1509 hisdem
1003 1446 1105 1511 literis

87 1528 201 1595 utitur.
238 1531 314 1593 sunt
336 1530 436 1592 uerba
457 1528 576 1593 nullius
599 1529 845 1614 coniugationis‚
870 1551 951 1614 quae
973 1530 1009 1595 in
1030 1553 1105 1597 con·
1120 1549 1144 1589 ¹⁵

87 1616 257 1679 sonantem
278 1612 428 1677 desinunt
444 1617 480 1678 ut
495 1633 567 1679 sum
587 1633 714 1695 possum
729 1613 863 1680 literam.
893 1618 942 1679 est
951 1622 1041 1699 poteo
1058 1639 1105 1682 se·

87 1698 211 1763 cundae
232 1698 466 1795 coniugationis
489 1701 521 1762 et
542 1698 707 1781 potentiae
722 1699 867 1778 maioris,
890 1702 945 1764 sed
966 1703 1105 1767 secunda

86 1803 227 1868 persona
247 1782 363 1865 prioris
385 1783 476 1847 uerbi
487 1787 576 1865 poles
590 1782 708 1865 corripi
723 1781 827 1866 debet,
849 1786 1013 1866 sequentis
1028 1808 1105 1850 uero

87 1866 292 1952 producenda
312 1870 361 1931 est
371 1872 465 1950 poles.
499 1871 574 1930 sunt
589 1867 645 1950 qui
660 1866 770 1930 dicunt
785 1866 941 1951 quaedam
957 1870 1056 1933 uerba
1070 1871 1105 1935 in

86 1953 101 2019 ι’
113 1952 162 2017 ire
176 1954 211 2017 et
222 1954 392 2036 propterea
402 1950 523 2015 nullius
535 1951 771 2037 coniugationis
781 1952 853 2016 fieri
864 1956 901 2018 ut
911 1955 1041 2019 memini
1053 1956 1105 2019 cdl
1118 1971 1143 2012 ²0

86 2038 174 2104 noui.
198 2035 253 2101 sed
265 2057 324 2101 nos
335 2036 456 2101 multae
468 2036 681 2101 coelectionis
693 2036 884 2101 auctoritate
899 2037 1103 2103 reuincimus.

87 2120 643 2205 inuenimusenimsepeuorouorcs
653 2122 1105 2206 coriletinpraeteritotem·

87 2228 164 2292 pore
178 2206 214 2271 in
227 2207 272 2285 ui,
288 2205 334 2270 sic
350 2209 384 2270 et
398 2205 468 2271 odio
480 2206 530 2271 dis
546 2207 594 2272 dil
607 2207 705 2271 odini.
733 2208 864 2272 memini
879 2211 985 2272 autem
1000 2209 1104 2274 solum

86 2293 120 2356 in
134 2312 153 2358 o
169 2290 255 2357 exire
270 2311 337 2354 non
350 2290 487 2373 repperi.
520 2294 596 2355 sunt
615 2293 714 2355 uerba
727 2290 842 2357 tertiae
857 2293 1103 2378 coniugationis,

86 2397 169 2460 quae
200 2378 332 2459 accepta
363 2375 573 2459 productione
604 2397 716 2440 sensus
749 2377 912 2442 inmolant
943 2382 979 2442 ut
1009 2381 1101 2445 uinco
1117 2392 1143 2433 2⁵

85 2461 190 2527 uinces
217 2459 256 2525 de
283 2459 419 2525 uictoria
447 2463 480 2524 et
500 2458 600 2525 habet
620 2461 655 2524 in
677 2462 850 2543 praeterito
872 2466 1017 2545 tempore
1039 2466 1105 2529 uici

86 2550 119 2610 et
139 2546 243 2610 uictus
264 2564 336 2625 sum
356 2545 392 2608 in
413 2544 552 2628 passiuo,
575 2547 611 2609 at
632 2546 737 2609 niodo
750 2546 856 2611 uineis
870 2544 909 2609 de
924 2547 1055 2611 uinculo
1072 2552 1105 2611 et

85 2629 185 2694 habet
205 2630 240 2693 in
259 2629 435 2728 praeterito
455 2630 566 2695 uincet
586 2629 760 2712 etpassiuo
776 2631 994 2696 cicomacum.
1028 2636 1105 2696 sunt

84 2718 118 2779 et
147 2714 212 2779 alia
239 2713 381 2779 eiusdem
408 2714 645 2800 coniugationis
673 2734 734 2778 nec
762 2714 797 2778 in
820 2717 925 2778 totum
947 2714 1104 2798 producta

124 2998 139 3029 ο
154 2924 168 2973 1
187 2916 294 2972 osuuo
312 2918 341 3005 Ρ
356 2917 367 2985 1
385 2917 427 2975 rr.
445 2918 512 2986 sego
530 2894 638 2970 sessa
656 2916 690 2971 N
703 2918 741 2985 un
760 2917 810 2972 rae
826 2917 938 2986 sponse
956 2918 1037 2988 ΡΝιι
1049 2919 1103 2974 ur-

81 3037 153 3107 gitie
170 3035 204 3090 N
212 3037 252 3105 13
269 3025 357 3118 ripgii
375 3036 417 3089 rei
438 3037 545 3089 coactio
570 3038 634 3104 (st
652 3035 740 3089 virilis
758 3036 791 3090 ia
807 3037 871 3106 my.)
890 3036 925 3091 N
937 3038 1004 3106 1131.
1028 3039 1102 3091 sic-

82 3120 226 3189 suscipere
244 3134 295 3178 cru.
313 3120 348 3175 N
355 3121 365 3188 11
378 3124 394 3172 6
412 3119 498 3174 etiam
516 3135 567 3172 om.
579 3120 613 3175 N
621 3121 631 3189 11
643 3121 732 3189 probo
744 3121 795 3174 bas
807 3120 839 3175 N
850 3122 860 3190 l
873 3120 917 3175 61.
929 3122 1103 3176 medicorum

82 3203 215 3309 11011
221 3183 615 3333 11111111111111111
623 3188 747 3310 lul
759 3188 949 3326 llltlmsl
962 3191 1102 3324 'luttdl

80 3272 116 3381 N
146 3338 250 3393 surpeo
267 3323 295 3377 P
307 3324 317 3393 l
331 3328 361 3376 11
380 3298 564 3377 omnis-'dim
581 3338 632 3377 om.
644 3323 679 3378 N
686 3324 696 3392 11
711 3303 743 3379 13⁸
759 3325 852 3392 passio
868 3324 896 3378 P
908 3324 918 3392 1
932 3328 963 3377 18
980 3275 1103 3393 corripiat

79 3426 110 3481 Ρ
121 3426 133 3493 1
144 3430 179 3479 20
195 3424 295 3478 uuna
313 3424 341 3479 P
352 3425 363 3494 1
376 3429 407 3478 u
421 3401 573 3478 almitate
585 3426 613 3480 P
625 3426 635 3493 l
647 3431 680 3480 23
692 3426 757 3490 sou
769 3427 797 3481 P
809 3427 819 3495 1
832 3432 865 3480 24
882 3428 915 3491 eo
932 3425 960 3478 P
972 3426 982 3493 l
995 3430 1028 3479 ss
1040 3441 1103 3496 pro-

78 3494 221 3548 duccione
239 3492 267 3547 P
278 3493 289 3561 1
301 3498 334 3547 26
351 3491 417 3560 vici]
437 3492 512 3546 vinci
529 3491 564 3546 P.
