2436 3840
466 173 515 231 111.
540 171 590 226 un
607 173 737 229 nunno.
1051 177 1115 242 135·

95 326 161 390 sint
183 328 215 389 et
236 325 353 403 clarae,
377 324 440 389 nisi
454 327 563 389 tamen
581 326 714 389 uerbum
729 325 884 403 adfuerit,
908 327 1111 393 infirmantur

96 415 128 475 et
148 410 377 474 nullificantur.
413 408 497 474 unde
520 413 553 473 et
572 412 675 474 status
690 409 780 474 uerbi
795 431 815 473 n
828 411 994 476 nonnullis
1008 414 1110 477 uirtus

96 498 310 577 nuncupatur.
345 494 428 577 quod
457 494 658 558 uerissimum
687 497 749 578 est,
779 494 853 578 quia
880 499 913 559 et
933 498 1111 561 testimonii
1157 562 1166 575 ,

96 581 199 643 uirtus
221 581 256 642 in
278 576 453 642 indicatiuo
476 579 528 642 uel
549 579 741 661 imperatiuo
757 579 808 642 uel
823 580 959 643 maxime
974 580 1112 646 traditur

95 664 204 741 moda,
236 663 291 746 qui
320 662 381 726 duo
409 663 443 725 in
469 663 560 726 uerbi
588 663 732 726 oratione
760 663 934 728 firmissimi
962 663 1135 729 dicunturs

96 747 192 812 modi.
236 745 365 829 quidam
399 750 518 811 statum
546 747 638 812 uerbi
666 747 754 812 hune
782 769 849 812 esse
879 747 1004 825 dieunt,
1039 770 1111 814 oum

96 833 198 897 solum
226 832 360 895 uerbum
387 832 456 895 sine
483 832 549 895 ullo
571 831 700 897 alterius
722 833 823 915 partis
845 833 1002 898 orationis
1025 833 1111 897 ediu-

96 918 206 980 mento
228 915 364 979 edicitur
390 919 427 979 ut
455 919 504 980 est
532 917 595 999 lopo
624 917 677 980 uel
700 919 767 982 diro
789 917 842 981 uel
864 919 942 982 diui.
980 919 1112 1001 quodsi

97 1005 159 1082 est,
181 1000 237 1063 ubi
259 1000 363 1064 uirtus
385 1001 566 1083 apparebit,
595 1002 622 1064 si
645 1022 740 1084 agere
762 1001 896 1065 uerbum
918 1002 1023 1069 uisum
1044 1024 1112 1068 non

95 1084 227 1182 fuerit?⁸
259 1084 362 1148 uirtus
391 1085 478 1181 enim
505 1085 595 1148 uerbi
624 1087 727 1183 actiui·
750 1107 816 1149 non
846 1087 881 1150 in
901 1086 962 1150 hoo
984 1091 1112 1152 tantum
1125 1111 1150 1151 10

95 1168 1111 1336 tinttttatsst,itttttltttttttlttttttttt

180 1336 229 1400 De
256 1338 318 1401 hoo
346 1340 433 1400 stetu
460 1336 578 1400 librum
602 1336 869 1420 eligantissimum
891 1360 988 1422 supra
1010 1339 1112 1404 dietus

39 1430 41 1434 '
96 1421 305 1486 Oornilius
321 1420 429 1503 edidit,
446 1442 540 1504 quem
555 1422 582 1485 si
597 1420 763 1486 uolueritis
778 1422 895 1506 legere,
910 1425 945 1487 in
960 1428 1112 1508 promptu

94 1506 230 1571 habetis.
266 1528 304 1570 ex
333 1527 395 1589 quo
418 1527 519 1570 unum
540 1508 669 1570 tantum
691 1528 815 1571 sumam
836 1508 984 1586 uerbum,
1015 1511 1113 1573 immo
1126 1530 1152 1570 rs

95 1613 135 1655 ex
156 1591 255 1655 uerbo
278 1590 471 1673 capitulum,
495 1591 530 1654 in
553 1612 616 1674 quo
640 1594 742 1656 status
764 1593 854 1656 uerbi
876 1592 1043 1657 euidenter
1058 1615 1113 1676 ap-

94 1678 214 1758 pareat.
252 1695 352 1756 quara
373 1675 419 1737 ait
439 1678 541 1739 status
562 1677 702 1755 dicatur,
726 1677 881 1758 intellaye:
902 1679 981 1758 quia
996 1680 1032 1742 iu
1041 1679 1112 1761 pri-

95 1762 157 1824 rnis
177 1762 417 1840 praeposterata
445 1759 470 1823 l'
502 1763 515 1821 t
539 1760 742 1841 inscriptione
764 1761 935 1825 dictionum
954 1762 1114 1841 frontibus

95 1843 227 1909 uerburn
249 1843 410 1910 statuitur.
458 1842 541 1906 unda
569 1847 681 1907 errant
706 1843 769 1925 na'a',
798 1845 854 1923 qui
880 1849 998 1908 statum
1024 1847 1114 1910 uerbi

95 1930 163 1993 ideo
197 1926 421 2010 appellandum
448 1930 580 2007 putant,
615 1927 693 2007 quia
725 1927 857 1991 uerbum
886 1949 945 2010 par
972 1930 1152 1996 ordinamur

96 2013 290 2078 declinatur:
318 2030 388 2075 auor
416 2010 499 2074 enirn
521 2011 600 2075 diois
621 2015 751 2091 statum,
782 2030 847 2075 non
868 2032 906 2077 an
928 2013 992 2078 alio
1013 2015 1113 2096 ruodo,

91 2102 219 2180 praetor
246 2116 344 2178 quarn
371 2098 435 2160 stat
458 2095 510 2160 uel
531 2099 706 2180 statuatur,
735 2095 872 2178 intollaoi
893 2098 987 2163 dedet.
1031 2100 1115 2164 unda

95 2187 124 2246 at
148 2201 243 2264 super
269 2184 354 2245 statu
380 2180 518 2244 bominis
545 2181 600 2245 boa
627 2181 775 2264 dicimus,
803 2183 887 2263 quod
912 2182 1003 2247 lauro
1025 2184 1060 2247 in
1082 2204 1114 2248 eo

96 2267 179 2346 quod
211 2265 357 2410 eoeperit(
384 2269 624 2346 perseueranter
651 2269 736 2330 stare
764 2267 923 2332 uideatur.
969 2267 1053 2331 siout
1082 2271 1115 2331 et

98 2348 284 2430 Origines
306 2348 337 2411 A
353 2347 482 2413 riearms
508 2349 543 2412 in
564 2348 702 2431 quodam
725 2351 888 2415 uolumine
910 2372 1007 2436 super
1029 2354 1114 2415 statu
1127 2381 1153 2423 aa

96 2432 236 2495 hominis
260 2432 346 2495 edito
376 2433 422 2495 sio
444 2431 529 2495 fatus
551 2438 615 2495 est:
636 2435 772 2498 bominis
793 2437 943 2518 inquiens
965 2441 1066 2502 status
1086 2438 1115 2502 si

97 2518 132 2581 in
155 2521 237 2597 cepto
253 2520 456 2598 parmaneat,
483 2516 565 2580 nibil
586 2517 805 2582 instabilitatis
826 2519 964 2599 babebit,
992 2523 1047 2585 sad
1067 2523 1115 2586 in-

98 2600 255 2665 notabilis
277 2600 504 2682 quodaminodo
526 2603 555 2663 et
575 2603 721 2665 aeternus
743 2602 972 2667 aestimabitur.

182 2683 277 2749 Hune
306 2683 510 2768 Originem
547 2704 618 2747 oum
650 2683 788 2749 Romani
820 2685 965 2770 legerent
997 2687 1114 2771 (fidelis

97 2770 159 2833 nisi
189 2770 263 2852 quia
290 2769 420 2852 gentilis
443 2768 526 2855 erat)
548 2768 633 2833 inter
654 2769 796 2833 fidelium
819 2769 918 2834 libros
941 2771 1114 2854 suscipien·
1128 2783 1174 2843 ω’

98 2855 172 2918 dum
201 2855 419 2918 decreuerunt.
462 2853 548 2917 huno
576 2875 715 2937 namque
743 2875 865 2918 morem
896 2876 935 2919 ex
963 2856 1115 2939 apostoli·

98 2960 205 3003 eorum
228 2937 419 3003 auctoritate
447 2939 594 3002 uirorum
616 2937 764 3003 Romana
785 2939 891 3004 tenuit
913 2961 950 3004 ao
972 2942 1116 3006 seruauit

98 3023 246 3100 ecelesia,
269 3027 306 3087 ut
328 3016 575 3087 christianorum
598 3023 672 3086 libri
693 3023 960 3107 philosophorum
982 3025 1113 3108 repositi

97 3130 115 3172 a
148 3107 323 3192 gentilium
355 3107 480 3190 seriptis
513 3106 719 3171 haberentur.
768 3129 839 3172 oum
871 3108 956 3172 enim
986 3130 1114 3174 neeesse

96 3193 253 3257 haberent
281 3192 427 3256 homines
456 3191 489 3254 iu
512 3191 698 3256 liberalibus
720 3193 892 3257 saecularis
913 3194 1113 3258 litteraturae
1127 3225 1152 3268 ³5

165 3395 209 3449 sf.
228 3395 327 3464 quodsi
344 3394 394 3447 ubi
412 3394 456 3447 est
471 3392 505 3447 N
514 3393 525 3461 ll
537 3398 570 3447 25
588 3392 709 3462 Originis
726 3394 760 3448 N
769 3396 779 3463 l
792 3400 824 3449 29
843 3394 941 3448 fideles
958 3393 1056 3463 Ν1133
1074 3410 1114 3449 se-

97 3460 184 3530 positi
200 3463 298 3518 Mar'us
314 3463 347 3516 in
361 3461 457 3529 prima
475 3461 602 3517 editione.
