2436 3840
239 133 274 188 11.
297 132 557 188 FRAGMENTUM
568 88 948 188 MONTEPESSULANUM.
1063 132 1103 198 97

85 309 153 350 esse
182 286 396 350 differentiam
425 284 603 351 adfirmant.
642 286 778 369 prelium
807 287 893 350 enim
915 286 1047 350 nonnisi
1069 286 1102 349 in

84 372 206 454 proelio
228 371 290 436 hoo
313 375 362 434 est
384 371 418 434 in
441 371 557 456 pelago
578 370 661 435 effici
676 374 793 454 potest.
825 372 910 454 quod
925 371 996 434 ideo
1012 392 1104 454 prae-

83 457 160 519 lium
183 457 369 520 nominatur
385 477 480 539 quam
495 477 572 539 prae
589 457 705 519 ceteris
721 455 887 519 clementis
903 456 1040 538 quadam
1055 455 1103 519 in·

83 541 253 604 mensitate
276 540 463 604 inundando
487 541 584 604 etiam
607 543 640 604 et
662 539 853 604 deundando
876 541 1035 625 quendam
1051 539 1103 603 ad·

83 625 265 689 mirationis
287 625 466 708 praelatum
488 624 618 689 habent.
653 624 773 689 bellum
796 629 903 689 autem
918 625 1053 690 nonnisi
1067 624 1103 687 in
1127 644 1140 684 s

83 710 171 773 belso
199 709 260 774 hoo
289 715 338 773 est
366 710 401 773 in
430 730 542 792 campo
572 710 688 794 agitur.
725 709 848 773 belsum
872 711 957 774 enim
980 707 1103 773 abhoc

84 794 215 874 dicitur,
239 793 325 878 qnod
347 794 438 858 belsa
459 794 599 877 plurima
621 815 702 878 quae
719 800 795 859 sunt
808 795 957 878 gramina
971 795 1103 877 profert.

84 882 247 942 certarnen
270 883 375 942 autem
398 900 417 942 a
440 881 526 942 certo
549 878 620 943 loco
642 878 704 943 hoo
728 882 777 943 est
799 880 1001 962 receptaculo
1017 899 1103 942 exer-

85 964 167 1027 citus
196 962 362 1027 diriuatur.
401 984 513 1046 pugna
540 963 750 1028 iaculationes
774 985 846 1027 suas
869 965 1005 1047 pugilles
1029 983 1103 1027 suos

82 1049 250 1131 utrobique
280 1047 417 1132 pugines
445 1048 575 1112 iectant.
613 1048 724 1112 dicunt
752 1049 848 1113 etiam
871 1049 955 1132 quod
978 1049 1041 1112 alia
1062 1049 1104 1111 sit
1117 1066 1143 1107 ro

83 1133 174 1215 plebs
198 1131 278 1196 alius
300 1132 445 1216 populus.
483 1132 574 1215 plebs
598 1133 684 1196 enim
706 1133 786 1196 haee
808 1134 886 1212 erit,
916 1155 976 1217 que
998 1133 1103 1216 plenis

84 1218 171 1300 agris
199 1217 410 1299 domibusque
439 1216 528 1280 omni
555 1217 734 1281 substantia
757 1217 940 1281 redundans
962 1238 1020 1301 per
1041 1216 1104 1279 hoc

83 1323 143 1366 nec
165 1302 242 1365 belli
263 1302 415 1385 peruicax
437 1323 496 1366 neo
519 1301 664 1366 doctrine
687 1305 792 1366 exstat
806 1301 928 1365 efficax.
966 1300 1104 1385 populus

83 1392 189 1450 autem
213 1408 251 1450 ex
273 1408 357 1470 pope
380 1389 442 1449 hoo
465 1389 515 1450 est
537 1408 575 1449 ex
597 1386 787 1450 fortitudine
810 1387 862 1450 uel
883 1408 1037 1451 manuum
1051 1384 1104 1448 uel

84 1491 234 1535 sensuum
257 1474 303 1535 sic
326 1471 517 1554 appellatur.
555 1471 640 1535 unde
655 1470 908 1535 Honoratum
930 1469 1142 1554 reprehens

83 1554 189 1620 dimus
211 1557 421 1641 gramatioum
444 1557 499 1639 qui
522 1557 610 1620 canit
634 1557 736 1640 ‘plebs
756 1557 792 1619 in
807 1555 891 1620 bello
907 1558 1104 1640 congregata

84 1644 144 1703 est'
168 1643 201 1704 et
223 1641 286 1703 alio
309 1639 381 1704 loco
398 1648 504 1704 ‘uerus
519 1641 626 1723 inquit
640 1646 758 1724 poeta'‚
783 1641 828 1705 sic
843 1641 898 1704 ait.
932 1641 993 1705 boc
1008 1662 1104 1724 quam

84 1723 180 1787 stulte
202 1723 328 1787 locutus
351 1729 417 1806 est,
443 1745 515 1788 cum
537 1725 599 1788 boc
615 1725 719 1789 dicere
736 1724 846 1788 debuit
861 1730 970 1789 ‘uerax
985 1728 1103 1808 poeta’.

83 1829 178 1872 uerus
199 1808 285 1872 enim
301 1808 342 1871 ad
358 1811 490 1871 naturae
505 1811 633 1872 tantum
648 1809 816 1872 ueritatem
831 1808 984 1891 refertur3
1007 1829 1105 1873 uerax

84 1898 189 1957 autem
213 1892 329 1956 dicitur
352 1893 407 1975 qui
429 1913 630 1976 nequaquam
645 1893 809 1957 mentitur.
845 1895 1047 1976 consumptio
1063 1893 1104 1956 ad
1117 1911 1143 1951 ro

84 1976 312 2049 defectionem,
342 1980 575 2041 consummatio
603 1999 681 2041 uero
711 1977 751 2040 ad
777 1978 1009 2061 perfectionem
1035 1998 1105 2062 per·

83 2063 176 2126 tinet.
214 2060 275 2125 EX
296 2060 494 2126 EPITOMA
516 2060 582 2126 ΠΙΙ
598 2061 685 2127 et-V.
724 2062 870 2126 Tenebra
893 2084 964 2126 cum
988 2062 1106 2126 dicitur

84 2147 241 2229 quaedam
268 2145 304 2210 in
333 2147 384 2210 die
412 2146 499 2210 ferru
523 2168 542 2210 o
565 2147 598 2210 id
621 2151 670 2212 est
692 2147 798 2231 caligo
821 2150 976 2230 accipitur
998 2151 1032 2211 et
1053 2168 1105 2210 ex·

84 2236 177 2315 cepto
201 2232 383 2295 accusatiuo
413 2168 567 2316 singulari
590 2253 647 2315 per
669 2252 779 2298 omnes
802 2253 892 2296 casus
915 2232 1104 2300 declinatur.

84 2319 117 2378 at
145 2317 296 2380 tenebrae
319 2315 506 2379 densissime
529 2317 863 2400 profundissimaeque
885 2318 1029 2382 noctium
1051 2316 1105 2380 ob
1118 2331 1143 2371 2⁵

84 2401 251 2465 scuritates
275 2403 360 2464 sunt.
400 2400 448 2464 sol
471 2401 506 2464 in
528 2405 664 2484 utroque
685 2424 819 2466 numero
841 2402 928 2466 flecti
950 2423 1018 2466 non
1032 2414 1105 2484 pro·

84 2484 214 2549 hibetur
242 2485 296 2549 sed
320 2484 478 2569 singulari
500 2506 633 2548 numero
656 2486 705 2549 sol
726 2488 832 2569 ipsum
853 2485 1011 2550 luminare
1034 2487 1104 2568 erit,

84 2574 119 2633 at
140 2570 221 2634 soles
245 2570 333 2653 ipsos
357 2570 424 2633 dies
446 2570 667 2649 nominamus,
690 2570 725 2633 in
744 2568 859 2653 quibus
875 2570 922 2634 sol
937 2573 1042 2633 totum
1056 2570 1104 2632 in-

84 2653 223 2719 luminat
250 2654 371 2737 polum.
415 2654 562 2718 nonnulli
589 2656 699 2718 tamen
722 2656 845 2718 ueteres
868 2654 938 2737 ipsa
962 2653 1104 2717 carmina

85 2738 167 2802 soles
190 2739 397 2803 nominauere
420 2739 503 2802 sieut
518 2737 684 2803 Oratius
706 2738 741 2802 in
763 2739 923 2822 principio
940 2738 1104 2803 cuiusdam
1118 2756 1143 2795 co

86 2824 260 2888 uoluminis
283 2824 391 2887 taliter
413 2844 543 2888 exorsus
559 2827 624 2888 est:
648 2822 731 2887 soles
745 2844 834 2887 meos
850 2824 938 2886 omni
953 2823 1105 2887 ecelesiae

83 2913 210 2973 uestrae
234 2907 430 2972 commendo.
470 2911 546 2972 sunt
560 2909 661 2973 multa
674 2908 806 2971 nomina
822 2929 903 2991 quae
919 2907 1039 2992 duplici
1054 2908 1106 2971 de·

85 2992 258 3057 clinatione
281 2994 425 3076 gaudent
447 2995 484 3055 ut
503 2994 654 3058 materies
669 2994 818 3076 materia,
840 2996 1012 3078 temperies
1025 2996 1106 3057 tem·

84 3079 247 3161 perantia,
271 3076 416 3142 caluities
431 3077 562 3142 caluitia
578 3077 743 3142 caluitium
751 3127 760 3160 ‚
783 3078 938 3161 segnities
953 3078 1103 3162 segnitia,

84 3161 222 3226 laetitios
244 3162 383 3238 laetitia,
412 3161 538 3244 requies
566 3163 690 3247 requia,
719 3162 817 3227 facies
839 3161 932 3226 facia.
977 3163 1033 3227 sed
1055 3161 1104 3224 his
1118 3173 1144 3216 ³⁵

85 3247 187 3326 multa
216 3246 370 3311 distantia
398 3248 455 3310 est.
495 3248 635 3331 segnitie
663 3247 810 3331 frigoris,
839 3248 977 3311 laetities
1005 3244 1105 3310 subiti

84 3331 232 3395 beneficii
255 3338 318 3414 est3
346 3332 469 3396 laetitia
491 3331 673 3411 familiaris,
697 3333 821 3415 requies
844 3354 862 3394 a
884 3332 993 3395 labore
1015 3328 1106 3393 refri-
1199 3357 1201 3362 ·

84 3416 166 3499 gerii
188 3421 251 3497 est,
282 3417 394 3500 requia
417 3416 595 3482 ociositatis
618 3421 682 3498 est,
710 3417 808 3481 facies
830 3417 901 3500 ipsa
922 3415 1106 3499 superficies

136 3527 212 3577 Virgil
225 3528 260 3568 ed.
273 3531 383 3569 Euemer.
894 3520 914 3567 ‘l
