2436 3840
127 131 188 194 174
355 126 508 182 VIRGlLlI
526 127 691 183 MARONIS
709 126 918 185 EPISTOLAE.

126 303 222 365 quarn
251 281 423 345 necessarii
451 283 583 364 propter
610 281 751 364 tegenda
778 281 922 345 misteria
951 285 984 346 et
1010 288 1148 367 propter

124 367 378 450 experimentum
400 365 562 430 docendae
582 363 676 429 huius
691 365 871 430 latinitatis.
908 365 989 430 haec
1004 368 1043 431 de
1059 368 1147 433 inus·

123 451 227 516 sitatis
248 450 541 535 praepositionibus
557 449 642 514 dicta
657 449 835 530 sufficiant3
858 472 945 515 nunc
960 451 1001 516 ad
1016 457 1146 517 nostras

123 536 289 600 redeamus
312 556 394 618 quae
415 535 451 598 in
472 556 532 599 usu
554 556 679 617 semper
701 539 786 599 sunt.

97 649 110 688 a
208 618 306 685 Nulla
327 620 523 703 praepositio
544 619 655 684 debuit
676 621 711 683 in
733 618 879 697 dfinire,
901 619 965 684 nisi
980 620 1067 704 quod
1081 642 1145 686 nos

122 705 295 770 necessitas
318 705 406 788 cogit
433 703 715 769 discernendorum
736 705 845 787 utique
866 703 1017 769 fonorum
1041 707 1143 770 maio-

121 811 193 854 rum
222 790 303 854 scita
330 789 522 872 transgredi.
558 810 635 853 nam
659 789 732 872 quia
754 787 940 852 aduerbium
963 791 998 852 in
1020 794 1034 853 t
1056 791 1144 855 exire

12 922 19 933 .
123 874 336 938 certissimum
360 878 409 937 cst
430 874 482 938 uel
505 874 775 951 coniunctionem,
805 882 841 937 ut
863 874 914 952 ud,
939 874 1085 958 cogimur
1107 876 1145 957 in

120 958 358 1042 praepositione
386 957 568 1024 adscribere
594 978 653 1040 per
674 958 703 1021 d.
740 979 815 1021 nam
838 962 873 1022 at
894 957 1066 1042 aliquoties
1089 960 1143 1024 ad·

84 1072 107 1111 10
121 1043 268 1106 uerbium
294 1044 447 1126 temporis
474 1047 523 1106 est
548 1043 743 1125 praesentis,
774 1043 864 1106 iuxta
895 1042 977 1107 illud
1004 1041 1075 1108 Uir
1082 1045 1141 1129 gi-

9 1143 11 1146 ’
121 1127 289 1192 lienum:
317 1133 353 1193 ct
371 1129 489 1211 pcrptte
510 1127 554 1192 od
569 1127 810 1209 proeliandum,
839 1125 872 1191 id
895 1137 944 1191 est
965 1147 1051 1192 acac
1065 1149 1143 1211 per-

118 1214 190 1296 pite.
229 1217 310 1294 aput
337 1216 445 1277 autern
467 1233 525 1296 per
546 1215 560 1275 t
580 1231 706 1295 semper
728 1210 826 1275 scribi
848 1211 959 1275 debet:
987 1211 1042 1276 sed
1065 1213 1141 1297 quia

121 1297 209 1379 apud
229 1318 348 1361 nomen
370 1296 520 1361 scribitur
541 1295 687 1360 neutrale
709 1294 790 1380 ligni
809 1295 933 1360 scilicet
951 1295 1052 1379 illius,
1076 1319 1142 1381 quo

120 1381 284 1445 tundenda
312 1402 455 1465 quaeque
482 1380 536 1478 uel
557 1383 662 1444 terrae
685 1380 871 1445 iniectanda
892 1379 1066 1460 feriuntur,
1095 1382 1141 1446 id·

82 1495 107 1535 15
120 1467 426 1646 crrcolppqqteppretd
435 1464 774 1632 dibrbblrrdcsiilddidsst,
798 1549 882 1633 quod
905 1551 949 1614 cis
970 1548 1011 1613 ad
1031 1551 1142 1633 proxi-

120 1634 253 1697 miorem
275 1634 464 1717 mterposito
487 1633 653 1699 dumtaxat
674 1638 784 1699 monte
806 1634 859 1699 uel
880 1634 1029 1716 flumine,
1057 1637 1141 1701 citra

118 1739 196 1784 uero
224 1717 263 1783 ad
292 1719 472 1804 longiorem
499 1719 643 1803 pertinet
670 1718 790 1797 locum,
820 1718 906 1782 unde
936 1722 968 1782 et
989 1720 1141 1783 citeriora

119 1810 152 1869 et
179 1804 328 1888 longiora
359 1804 518 1870 dicuntur.
555 1809 647 1871 trous
674 1824 749 1867 uero
771 1802 810 1866 ad
832 1805 1003 1886 utrumque
1025 1804 1141 1867 referri

80 1922 106 1960 20
119 1892 238 1973 potest,
261 1889 338 1954 licet
360 1890 573 1972 motabiliter,
596 1889 658 1953 hoc
681 1891 729 1951 est
744 1890 779 1952 in
794 1887 934 1951 transitu
948 1892 1077 1952 tantum
1092 1888 1139 1952 sic

119 1973 304 2057 accipiatur.
340 1995 416 2038 nam
445 1973 636 2057 quicumque
665 1972 804 2035 scribere
834 1972 886 2035 uel
914 1972 1011 2036 etiam
1034 1972 1140 2037 dicere
1179 2032 1190 2047 ,

118 2058 237 2122 audent
277 2059 400 2140 aliquos
436 2057 594 2123 habitasse
630 2060 722 2121 trans
757 2076 862 2137 mure,
906 2077 972 2125 non
1008 2056 1142 2122 incaute

117 2147 245 2207 tantum
268 2142 323 2205 sed
345 2142 482 2225 pessime
504 2162 541 2205 ac
562 2139 803 2222 peruersissime
825 2140 946 2204 dicunt.
980 2142 1028 2205 ita
1051 2141 1139 2206 enim

118 2227 216 2290 ordiri
238 2225 333 2289 debet
356 2224 565 2305 sententiam,
588 2228 625 2287 ut
646 2222 771 2288 dicatur
792 2229 885 2291 trum
904 2245 993 2291 mure
1012 2227 1142 2291 uadunt

78 2341 104 2381 a
117 2310 169 2374 uel
190 2311 342 2389 maican
369 2309 515 2375 hubitant
537 2314 641 2375 subm
666 2309 712 2374 cc's
732 2329 822 2375 more
843 2310 894 2374 acl
916 2311 1007 2374 citra,
1051 2310 1140 2374 inter

115 2396 203 2460 ultra
225 2397 258 2458 et
279 2395 360 2461 citra
381 2414 447 2458 non
470 2414 569 2478 parua
591 2393 746 2459 distantia
761 2398 825 2458 est:
848 2415 924 2457 nam
939 2395 1022 2460 citro
1037 2394 1139 2459 etiam

116 2479 237 2545 montis
264 2480 317 2543 uel
343 2479 485 2544 fluminis
513 2480 684 2544 interiectu
711 2479 775 2543 dici
796 2481 920 2561 potest3
948 2479 1037 2544 ultra
1058 2499 1140 2543 uero

116 2566 154 2630 ad
189 2564 302 2629 ultima
335 2565 387 2629 uel
418 2564 634 2629 remotissima
666 2564 739 2628 loca
770 2562 823 2627 uel
855 2561 981 2627 deserta
1010 2583 1138 2648 semper

115 2650 264 2715 refertur.
301 2650 388 2713 inter
416 2650 532 2731 ubsque
561 2652 594 2713 et
621 2650 690 2713 siue
717 2646 802 2712 hanc
824 2650 949 2712 ueteres
970 2648 1139 2731 ponebant

77 2764 102 2805 ³0
116 2735 356 2813 discretionem,
394 2734 476 2817 quod
509 2735 577 2799 siae
610 2753 736 2816 semper
768 2731 803 2796 in
837 2733 956 2797 bonam
988 2733 1139 2798 ferebant

115 2825 253 2902 partem,
277 2818 392 2900 absque
408 2821 515 2882 autem
529 2819 564 2881 in
580 2817 712 2900 malam,
733 2820 770 2880 ut
783 2818 850 2882 siae
859 2822 1002 2900 peccato,
1019 2819 1140 2901 absque

114 2904 283 2986 supientia.
318 2903 372 2967 sed
394 2901 456 2967 hoc
479 2903 761 2967 obseruamentum
783 2902 944 2986 utrimque
965 2902 1138 2968 confusum

115 2995 173 3053 est,
210 3010 277 3052 non
306 2991 412 3053 autem
440 2987 519 3052 satis
542 2991 663 3052 certum
686 2989 735 3050 est
757 2989 942 3050 utrumnam
964 2989 1139 3071 utrumque

114 3079 248 3157 utroque
271 3073 333 3137 dici
356 3071 460 3157 possit
480 3071 576 3136 modo
583 3121 592 3156 ,
616 3094 656 3135 an
679 3071 786 3155 potius
810 3071 1005 3155 scriptorum
1028 3092 1138 3136 errore

181 3301 196 3348 3
215 3293 312 3347 nostra
326 3291 360 3346 N
368 3294 406 3360 117
424 3293 453 3345 te
472 3290 505 3345 N
514 3293 523 3359 ΙΙ
537 3298 567 3345 11
588 3307 620 3345 ac
639 3289 672 3344 N
686 3304 755 3345 corr.
772 3290 838 3344 Mai
849 3292 859 3358 ΙΙ
875 3296 905 3345 18
923 3289 1061 3344 ceteriora
1080 3289 1116 3344 N
1131 3291 1136 3358 Ι

114 3367 146 3414 26
164 3377 255 3430 paura
272 3361 315 3428 N,
335 3375 428 3428 pauca
445 3361 505 3414 Mai
517 3362 527 3429 ΙΙ
540 3365 571 3414 31
592 3359 636 3429 ut]
657 3360 687 3412 et
704 3357 738 3412 N
746 3359 756 3427 ll
769 3365 802 3412 34
819 3358 987 3426 scriptorum
1007 3362 1037 3424 (u
1056 3374 1091 3412 cx
1109 3373 1124 3411 e

100 3428 145 3480 JV
143 3431 164 3494 ll
171 3445 298 3484 errorem
316 3428 356 3482 N.
