2436 3840
143 171 202 237 138
367 171 522 226 VIRGILII
539 170 706 226 MARONIS
724 170 933 225 EPISTOLAE.

140 324 257 390 initiis:
292 327 440 390 connecti
458 325 593 402 ,domino
620 323 750 389 Scaeuo.
787 326 936 388 occaect-i
963 325 1072 407 posuit
1100 347 1163 410 pro

141 411 274 475 canenti.

226 493 439 578 Inchogatiua
460 492 564 555 forma
586 494 636 555 est
657 513 737 575 quae
752 490 921 575 inchogari
938 492 1081 576 quidem,
1106 495 1164 558 sed

140 599 208 642 non
236 577 322 641 finiri
350 577 488 641 uidetur.
526 576 654 660 quidam
677 597 741 639 non
764 576 1005 658 incbogatiuam
1029 579 1085 641 sed
1109 580 1164 643 de·

115 662 293 727 afectiuam
322 662 438 725 uolunt
465 662 575 725 uocari
602 662 755 742 formam,
785 661 870 743 quod
893 660 1016 725 scilicet
1038 667 1165 747 tempo-

141 748 230 811 ribus
258 746 409 828 difficiat3
438 745 521 829 quod
544 749 577 809 et
599 764 659 829 ego
683 766 807 828 quoque
830 766 1025 828 magnopere
1048 749 1164 811 adsen-

141 833 215 895 tior.
255 830 383 914 quidam
412 835 520 894 tamen
550 829 633 893 hanc
650 831 797 894 -fcrmam
824 829 1065 912 inchogatiuam
1095 852 1164 896 non

142 915 184 980 ob
216 913 276 978 hoc
309 915 476 979 dicendam
513 919 644 997 putant,
678 914 762 997 quod
794 914 991 996 temporibus
1024 915 1165 980 difficiat

142 998 356 1081 declinandis,
379 1021 452 1063 cum
475 1020 549 1082 sepe
571 999 733 1081 repperire
756 1019 789 1061 se
810 998 919 1062 dicant
934 1000 1048 1065 calesco
1064 1001 1161 1079 colai,

104 1085 277 1166 10sercesco
289 1083 412 1166 ferum,
435 1103 588 1148 marcesco
603 1089 740 1160 marcai,
763 1083 896 1164 liquesco
912 1084 1005 1167 liqui,
1021 1104 1163 1150 sarcesco

141 1170 263 1245 sorceti,
286 1173 402 1234 tacesco
424 1169 524 1251 tocci3
557 1167 611 1231 sed
633 1168 784 1251 quoniam
806 1168 983 1249 praesentis
1005 1169 1164 1252 temporis

142 1253 291 1317 litteralis
313 1253 482 1317 declinatio
505 1274 524 1316 a
545 1253 718 1335 praeterito
741 1250 921 1334 discrepare
943 1253 1085 1335 uidetur,
1115 1254 1162 1317 id·

142 1339 227 1402 circo
256 1337 496 1422 inchogatiuam
517 1337 679 1402 nominari
702 1336 816 1399 debere
840 1340 1004 1401 oenseunt.
1044 1338 1164 1420 quibus

143 1444 182 1486 ex
203 1422 359 1485 maiorum
380 1421 554 1486 traditione
568 1421 719 1485 facillime
734 1420 996 1503 respondebimus
1011 1442 1078 1485 non
1093 1444 1165 1487 esse

105 1507 226 1570 rabano
254 1507 413 1569 rationem
440 1527 564 1584 ueram,
594 1509 630 1569 ut
658 1527 696 1568 ex
723 1503 785 1568 hiis
813 1505 921 1569 uerbis
949 1526 1029 1589 quae
1051 1506 1166 1571 incho-

144 1591 273 1674 gatiuae
293 1588 416 1653 formae
440 1594 528 1674 sunt,
557 1589 733 1672 praeterita
754 1592 901 1672 tempora
924 1591 1013 1654 nasci
1036 1591 1166 1656 soleant

144 1679 180 1738 ut
212 1679 327 1740 taceaco
360 1676 456 1740 tacui.
499 1674 642 1757 alioquin
668 1674 749 1737 hacc
775 1675 873 1738 uerba
900 1676 1057 1739 secundae
1088 1697 1166 1741 con-

144 1759 333 1843 iugationis,
357 1759 438 1844 <de>
461 1780 523 1842 qua
545 1757 661 1822 dicturi
684 1779 808 1841 sumus,
842 1759 925 1841 quod
952 1761 1165 1842 praeteritum

144 1848 269 1927 tempus
298 1843 462 1909 habebunt
489 1847 526 1908 ut
553 1848 637 1908 taceo
665 1863 787 1909 marceo
812 1862 918 1908 sorece
943 1845 1050 1923 sericeo
1079 1847 1165 1912 caleo

105 1933 176 1993 acet
208 1932 331 2005 cetera,
365 1950 446 2012 quae
479 1929 591 2012 procul
621 1927 761 2012 (dubio)
790 1928 998 2011 praeteritum
1033 1932 1165 2013 tempus

143 2013 260 2077 habere
287 2033 417 2077 neeesse
446 2016 503 2076 est.
545 2012 753 2096 inchogatiua
782 2032 858 2096 ergo
887 2013 989 2076 uerba
1017 2013 1078 2077 hoc
1102 2014 1166 2079 rite

143 2097 279 2161 dicenda
308 2102 400 2179 sunt,
429 2117 510 2179 quae
544 2117 616 2160 oum
645 2096 797 2160 declinari
826 2098 988 2178 praesenti
1015 2101 1165 2181 tempore

144 2183 324 2264 coeperint,
342 2181 514 2262 praeterito
529 2186 638 2244 tamen
654 2184 797 2263 tempore
814 2180 956 2245 difficere
970 2186 1164 2248 noscuntur.

228 2264 276 2327 De
304 2264 356 2327 his
378 2264 492 2327 formis
514 2264 684 2328 uerborum
709 2265 795 2328 inter
817 2263 1012 2350 Regulum
1035 2266 1165 2350 Cappa-

105 2367 131 2408 25
144 2348 258 2412 docum
286 2352 319 2412 et
341 2347 526 2412 Sedulum
548 2347 732 2413 Romanum
761 2370 827 2413 non
855 2350 989 2413 minima
1016 2353 1168 2434 quaestio

144 2432 254 2496 habita
282 2436 347 2514 est,
375 2455 458 2517 quae
489 2433 650 2517 usquead
673 2433 850 2520 gladiorum
872 2455 955 2516 pene
978 2435 1166 2500 conflictum

144 2518 301 2601 peruenit.
330 2518 511 2602 quindecim
534 2540 671 2602 namque
686 2518 837 2583 noctibus
853 2519 1050 2603 totidemque
1065 2520 1166 2584 simul

144 2603 255 2668 diebus
282 2605 446 2668 insomnes
475 2607 507 2667 et
533 2602 665 2686 indapes
692 2624 851 2685 mansere,
880 2604 983 2667 tribus
1005 2604 1167 2670 militibus

143 2689 303 2771 utrimque
330 2688 476 2771 sumptis.
514 2687 691 2772 Regulus
719 2687 805 2751 enim
829 2687 886 2750 has
908 2688 1028 2752 formas
1050 2689 1167 2754 uerbo·

105 2791 131 2831 ao
144 2794 215 2836 rum
244 2773 315 2835 aliis
343 2772 543 2854 nominibus,
574 2771 645 2835 aliis
678 2792 803 2855 qnoque
824 2772 1057 2853 intellectibus,
1090 2773 1166 2839 aliis

144 2857 240 2920 etiam
269 2877 365 2940 quam
393 2877 453 2921 nos
479 2858 514 2921 in
536 2877 595 2920 usu
617 2854 771 2921 habemus
794 2857 961 2921 uocitabat
981 2857 1167 2922 rationibus

145 2940 259 3004 debere
289 2940 443 3025 intellegi.
481 2942 616 3005 formam
643 2962 781 3024 namque
803 2942 1072 3025 frequentatiuam
1095 2962 1166 3006 om·

144 3024 239 3088 nibus
262 3025 355 3089 simul
377 3027 485 3090 uerbis
508 3024 658 3090 accedere
680 3046 776 3108 posse
799 3026 1007 3108 adfirmabat3
1034 3046 1167 3092 necnon

212 3199 224 3245 1
245 3193 323 3247 initis
341 3193 375 3246 N
389 3207 456 3246 corr.
474 3191 540 3245 Mat
552 3193 562 3261 l
575 3193 684 3247 Sencno
702 3193 746 3259 N,
770 3192 874 3247 Sereno
892 3194 958 3248 Mai
969 3193 1008 3261 118
1025 3195 1167 3262 temporis

144 3259 177 3314 N
191 3261 247 3328 1113
264 3259 454 3338 inccgativam
471 3260 505 3312 N
518 3261 528 3339 l
547 3267 578 3313 17
597 3258 813 3330 coniugationis]
831 3261 896 3327 sort.
915 3262 1008 3315 essent
1024 3261 1093 3315 cdd.
1108 3263 1119 3330 1
1133 3269 1168 3317 20

143 3328 253 3397 procul]
274 3328 360 3381 dubio
378 3326 446 3380 add.
460 3328 522 3381 Mac
535 3328 545 3396 11
558 3333 588 3382 21
608 3328 711 3382 inchoa
727 3328 761 3381 N
770 3329 780 3395 11
793 3335 826 3382 26
843 3328 948 3383 habeta
960 3328 994 3382 N
1008 3329 1013 3395 Ι
1026 3333 1058 3381 28
1076 3328 1168 3399 indap

144 3411 272 3449 mansere
290 3395 324 3449 N
337 3397 347 3462 l
364 3394 513 3464 militibus]
531 3395 646 3449 milibus
663 3395 697 3449 N
710 3397 720 3463 l
738 3403 771 3451 ‘29
789 3398 939 3464 utrumque
957 3395 991 3450 N
1011 3397 1061 3463 130
1079 3396 1167 3452 intel·

144 3462 234 3516 lectus
251 3463 285 3517 N
294 3464 304 3531 11
317 3469 347 3517 31
366 3478 417 3516 nos
436 3479 523 3536 quam
538 3463 572 3518 N
586 3478 654 3518 corr.
672 3464 744 3520 Mai.
