2436 3840
453 195 501 254 ur
527 195 576 250 nn
596 195 726 255 uenae.
1037 198 1098 264 139

83 349 180 413 etiam
208 347 450 431 inehogatiuam
486 348 636 411 omnibus
664 348 943 431 coniugationibus
976 352 1098 434 tempo-

82 434 171 497 ribus
198 432 305 496 uerbis
333 431 515 496 ministrare
538 432 663 496 dicebat
685 436 721 496 ut
748 433 862 498 coloseo
889 434 1035 516 calescat,
1066 440 1098 500 et

82 520 117 582 in
145 517 284 581 secunda
312 537 450 599 persona
477 517 619 595 coluisti;
650 520 682 580 et
709 517 768 580 tali
797 517 891 581 modo
920 518 954 580 in
981 518 1097 600 plurali

82 622 215 666 numero
238 601 440 667 colescuiocos
462 602 612 666 coluistis.
647 601 772 665 dicebat
787 603 884 665 etiam
899 603 1099 685 unumquod-

83 707 145 770 que
178 685 312 749 uerbum
347 684 425 748 dues
457 685 575 748 habere
608 686 726 750 formas
760 686 1016 768 frequentatiuas
1045 688 1098 750 uel
1124 705 1137 746 ε»

82 774 148 835 tres
170 773 207 833 ut
228 770 293 851 lopo
316 770 388 834 lecto
410 770 500 850 lopito
523 771 634 854 leotit03
659 773 691 834 et
713 769 771 834 has
793 774 859 834 tres
880 771 1003 854 primae
1022 791 1097 835 con-

81 854 257 938 iugationis
280 874 347 918 esse
370 853 513 918 docebat.
547 853 684 919 formam
708 876 836 938 quoque
857 854 1097 940 inchogatiuam

83 938 210 1002 dualem
233 959 301 1038 esse
324 938 450 1004 dicebat
472 940 508 1002 ut
530 939 645 1005 coloseo
660 939 788 1021 cutiaco,
812 941 943 1020 liquesco
959 941 1097 1023 liquesco,

82 1042 184 1088 acesco
206 1042 314 1090 acesco.

167 1107 225 1173 Oui
258 1107 424 1172 Sedulus
455 1106 636 1189 Romanus,
667 1108 718 1171 uir
751 1108 934 1172 ammodum
965 1109 1137 1192 ingenium

82 1195 194 1257 acutus
216 1195 312 1275 atque
328 1191 511 1274 eloquentia
525 1192 603 1256 satis
618 1191 763 1275 floridus,
788 1193 896 1257 taliter
911 1214 1098 1275 responsum

83 1276 375 1359 conpositissimum
399 1274 500 1339 dedit:
535 1296 553 1338 o
576 1276 627 1339 uir
648 1276 733 1340 bone
755 1297 793 1341 ae
815 1277 984 1340 mitissime
1007 1277 1097 1358 uiuis,

81 1361 152 1426 ndli
173 1361 304 1424 turbare
327 1359 438 1423 sedata
459 1359 680 1424 Romanorum
702 1361 837 1444 scripte,
863 1382 943 1444 quae
966 1360 1005 1424 ab
1028 1362 1098 1443 ipsa

82 1444 252 1509 latinitatis
272 1445 497 1509 constitutione
512 1445 631 1509 inlessa
646 1447 679 1508 et
693 1446 883 1509 inconeussa
897 1466 984 1510 nune
999 1466 1098 1529 usque

80 1530 304 1613 perdurarunt.
341 1528 399 1593 has
428 1530 546 1594 etenim
576 1530 747 1595 uerborum
776 1530 895 1594 formas
918 1531 982 1594 suis
1004 1531 1098 1594 lineis
1112 1547 1137 1588 15

81 1635 202 1696 suoque
214 1612 477 1678 ordineltomana
486 1615 748 1698 eloquentissima
759 1635 953 1698 conposuere
966 1615 1097 1698 scripta,

82 1701 119 1761 ut
139 1700 245 1761 forma
266 1698 505 1780 frequentatiua
527 1699 621 1762 certis
643 1701 751 1763 uerbis
777 1699 918 1763 accedat.
963 1699 991 1763 si
1014 1701 1099 1763 enim

83 1782 232 1846 omnibus
254 1781 361 1844 uerbis
384 1779 517 1844 eundem
533 1780 671 1845 formam
687 1783 835 1846 accedere
850 1783 987 1850 fflenter
1001 1804 1099 1847 asser-

82 1866 199 1945 rueris‚
232 1885 361 1928 neeesse
383 1864 517 1928 habebis
540 1865 686 1948 exempla
707 1864 865 1948 proferre,
889 1866 1003 1949 quibus
1026 1885 1098 1930 sen-

81 1954 201 2015 tentiae
229 1953 303 2026 tuae
326 1949 532 2013 manifestum
556 1948 706 2013 ostendas
728 1949 981 2032 probamentum.
1018 1950 1137 2013 nulliro

82 2036 202 2100 etenim
224 2035 274 2100 fas
297 2038 346 2098 est
367 2037 497 2118 praeter
518 2034 639 2098 usitata
659 2034 758 2099 uerba
772 2034 894 2118 aliquid
910 2035 1015 2115 eloqui
1030 2035 1100 2098 sine

81 2120 237 2203 exemplo.
275 2121 346 2203 quis
375 2119 460 2182 enim
489 2119 550 2184 sibi
572 2120 659 2183 uiam
681 2119 837 2182 orationis
858 2120 975 2203 finget,
1005 2140 1099 2202 quem

81 2205 161 2269 nulli
190 2205 278 2287 prius
301 2204 439 2268 atriuere
462 2207 702 2287 praecessores?
732 2224 807 2288 ergo
829 2203 914 2287 quod
937 2204 1015 2267 dieis
1037 2204 1100 2268 tria

82 2310 150 2352 esse
176 2289 431 2372 frequentatiuae
459 2289 582 2353 formae
610 2289 810 2353 incrementa
839 2292 871 2352 et
892 2287 1100 2374 inebogatiue
1189 2341 1194 2349 ,

82 2373 173 2455 bina,
196 2373 302 2454 planis
324 2373 482 2436 maiorum
503 2373 681 2456 approbato
696 2373 867 2456 exemplis,
891 2376 928 2436 ut
943 2374 969 2437 si
985 2394 1100 2457 appro·
1113 2387 1139 2429 ²⁵

82 2457 208 2521 baueris
238 2457 281 2520 du
304 2456 398 2520 licem
426 2456 521 2520 nobis
549 2457 687 2541 gratiam
717 2459 880 2522 conferas:
913 2461 946 2521 te
979 2458 1099 2521 etenim

81 2541 227 2604 ueritatis
255 2479 451 2605 atlsertorem
480 2541 674 2606 monstrabis
707 2544 739 2606 et
771 2562 831 2606 nos
861 2541 989 2623 horum,
1018 2562 1099 2624 quae

81 2626 216 2690 fortasse
238 2625 367 2709 penitus
390 2625 624 2709 ignorauimus,
648 2629 796 2708 expertos
817 2626 926 2689 facies.

166 2708 227 2774 Oui
248 2709 423 2794 Regulus
445 2709 546 2775 multa
567 2732 606 2775 ex
629 2713 774 2774 ueterum
797 2710 986 2774 auctoritate
1008 2729 1100 2791 prae-

81 2794 217 2858 tendens
248 2795 404 2878 quaedam
432 2816 470 2858 ex
491 2795 554 2859 hiis
581 2816 663 2879 quae
690 2793 814 2859 dixerat
841 2794 1007 2858 uerissima
1030 2814 1099 2857 esse
1112 2808 1138 2848 ⁸0

80 2879 243 2962 probauit,
281 2878 440 2942 nonnulla
473 2901 581 2943 eorum
617 2880 746 2976 penitus
779 2883 862 2943 sture
894 2899 961 2942 non
994 2899 1098 2960 posse,

81 2963 259 3028 fortissima
291 2962 498 3027 distructione
532 2967 697 3028 eonuretus
725 2967 782 3028 est.
825 2985 863 3027 ex
892 2962 954 3027 hiis
983 2968 1099 3036 autem,

83 3069 163 3131 quae
186 3068 263 3110 uera
286 3068 354 3110 esse
375 3046 456 3110 nulli
479 3047 680 3122 dubitantur,
711 3048 849 3132 exempli
872 3049 978 3132 gratia
999 3067 1099 3131 pauca

147 3232 1095 3318 emmaamrmmmffiummmuffima

83 3349 102 3417 (i
120 3365 237 3405 corace
254 3349 304 3415 ol)
321 3348 356 3402 N
365 3350 375 3417 ΙΙ
391 3354 421 3402 14
438 3335 563 3403 in⁰eussa
574 3349 608 3403 N
617 3351 627 3418 ll
643 3355 672 3404 18
685 3350 807 3404 eundem
818 3351 852 3403 N
861 3352 872 3418 ΙΙ
884 3362 1055 3403 asserrueres
1067 3346 1102 3401 N

84 3419 97 3486 ΙΙ
108 3421 140 3469 22
156 3418 262 3488 pingue
279 3417 322 3483 N,
345 3416 454 3485 pandat
470 3417 535 3471 Mai
546 3418 557 3486 ΙΙ
569 3424 601 3472 25
613 3419 633 3471 f.
652 3418 858 3487 approbatieris
874 3418 909 3470 N
923 3431 991 3470 corr.
1009 3414 1074 3470 Mai
1086 3414 1100 3484 ΙΙ

82 3482 147 3538 2θί
164 3484 370 3553 praetendaens
387 3484 426 3540 N.
