2436 3840
115 191 158 257 54
349 188 500 243 VIRGILII
519 187 685 242 MARONlS
703 187 904 244 ΕΡΙΤΟΜΑΕ.

116 348 183 410 tam
204 343 374 408 iocundam
395 344 485 408 nobis
507 362 569 408 esse
584 347 693 425 potest,
718 363 814 425 quam
835 343 871 407 in
893 343 949 407 boe
965 346 1072 407 aestro
1088 343 1139 409 di·

117 429 213 511 legere
228 447 425 511 permanere,
448 428 508 495 hcc
532 449 590 511 pro
614 427 759 491 ablatiuo
775 427 908 511 possuit.
945 429 978 490 et
999 424 1060 510 bro
1075 448 1136 492 no·

116 513 203 577 mine
225 512 288 577 alic
310 512 395 577 idem
417 512 488 577 loco
512 512 674 595 accipiens
696 510 833 576 eundem
855 511 986 575 modurn
1015 511 1061 575 sic
1089 513 1138 577 ait

91 598 191 664 ⁵solie
210 617 335 663 currem
357 598 407 662 die
428 600 548 665 aeeticw
569 598 827 662 iocundissimum
849 600 900 662 eet.
935 599 968 660 at
982 617 1023 658 ne
1038 597 1136 661 unius

116 685 245 747 tantum
266 686 394 746 utamur
416 683 573 768 exemplo,
596 681 714 766 quoda
730 681 849 746 nestris
871 680 1046 745 maioribus
1068 682 1137 765 ple·

32 787 40 793 ·
116 787 251 850 rumque
263 766 400 830 uetitum
412 769 470 846 est,
483 768 614 832 alterius
625 766 722 851 periti
733 786 913 830 sermonem
925 764 1135 849 proferemus.

117 850 300 915 Hilarius
322 849 445 916 Lucani
471 852 589 934 frater,
617 853 652 915 in
674 851 836 916 functoria
857 849 972 914 quani
994 850 1137 915 carmine

117 935 162 999 sic
195 935 241 998 ait
269 936 371 1000 Naristi
398 937 562 1003 naucum
585 937 698 1002 bellare
712 937 756 1000 *ia
777 939 837 1001 toto
859 935 1015 1001 curriculo
1037 936 1137 1019 uitae,

116 1020 177 1083 hcc
200 1040 258 1106 pro
281 1021 466 1086 accusatiuo
487 1022 619 1107 possuit.
655 1019 869 1104 inpersonnlis
894 1022 1001 1083 autem
1020 1020 1137 1084 medus

78 1124 103 1164 10
117 1105 240 1189 passiui
267 1104 358 1169 uerbi
386 1106 499 1171 similis
549 1109 666 1171 utatur.
712 1104 767 1169 sed
789 1105 864 1188 quia
884 1123 1055 1188 personam
1078 1127 1139 1170 nc·

117 1188 213 1256 minis
247 1211 314 1256 non
347 1191 478 1276 recipit,
509 1129 581 1256 iclco
613 1189 777 1275 passiuum
805 1188 940 1253 uerbum
965 1209 1032 1253 non
1065 1189 1138 1259 erit.

118 1274 207 1339 euius
234 1274 347 1360 regula
374 1276 452 1341 haec
480 1298 549 1342 esse
580 1276 714 1355 dicitur,
743 1277 780 1338 ut
807 1273 835 1337 si
863 1294 882 1337 a
905 1273 1003 1337 uerbo
1025 1275 1136 1340 actiuo

117 1359 251 1441 uenerit,
275 1364 307 1424 et
328 1361 397 1443 ipse
419 1364 506 1445 agat,
529 1362 574 1425 ita
594 1363 703 1424 tamen
718 1362 756 1423 ut
770 1357 924 1423 infinitiui
938 1356 1024 1421 modi
1039 1362 1138 1443 egeat

117 1445 302 1508 adiumento
325 1444 499 1509 secundum
521 1444 601 1509 illud
615 1449 773 1510 Aeneae
792 1443 840 1507 ita
850 1442 985 1508 dicentis
1001 1440 1137 1509 Hanni·

80 1545 104 1585 11
118 1529 218 1593 belem
240 1529 352 1610 legitur
372 1530 409 1592 ia
424 1530 473 1594 die
488 1529 558 1594 belli
573 1530 688 1594 dixisse
697 1549 759 1610 pro
774 1530 973 1594 tricenteeum
987 1528 1138 1594 uirorum

114 1614 254 1694 potentia
276 1614 436 1695 armisque
456 1614 547 1679 bodie
568 1634 664 1680 meme
685 1618 769 1679 uter.
807 1612 833 1677 si
855 1633 931 1677 uero
953 1634 973 1676 a
994 1612 1137 1678 neutrali

117 1698 216 1761 uerbo
246 1699 388 1779 uenerit,
419 1698 595 1763 ablatiuum
625 1720 750 1763 cassum
779 1697 888 1763 trahat
914 1717 1045 1762 necesse
1075 1697 1138 1762 erit

116 1781 331 1847 Terrentio
354 1783 480 1848 dicente
502 1785 644 1850 curritur
666 1808 687 1850 a
709 1784 832 1864 cestrie,
856 1780 1020 1848 interdum
1036 1783 1137 1847 etiem

185 1992 208 2039 2.
227 1986 298 2043 Eae.
309 1985 401 2043 Naar.
409 1999 440 2052 p.
454 1988 500 2040 19:
528 1985 566 2038 At
582 2001 634 2106 Ero
652 1985 827 2039 nominativo
846 1983 902 2037 alio
920 1983 981 2038 loco
999 1982 1078 2038 idem
1093 1984 1136 2061 sic

117 2053 169 2110 ait:
202 2052 274 2106 Solis
296 2068 408 2106 currere
430 2053 460 2105 in
483 2052 529 2106 die
553 2069 582 2107 es
597 2052 642 2107 've
663 2052 892 2107 iocundissimum
915 2053 966 2105 est.
1002 2050 1136 2106 Helenus

117 2120 205 2175 frater
223 2118 329 2174 Lucani
351 2119 390 2173 sic
414 2119 467 2173 ait:
490 2119 585 2188 legisti
608 2119 757 2174 adsiduum
778 2135 817 2188 eq.
834 2135 886 2188 pro
905 2118 1068 2173 accusativo
1082 2135 1135 2240 Xo-

117 2188 182 2245 suit.
252 2187 286 2251 cf.
301 2186 385 2241 Olem.
401 2202 456 2241 eac.
471 2187 502 2252 (f.
515 2188 586 2256 30·):
604 2187 669 2242 Sine
686 2203 753 2242 casn
771 2202 837 2241 vero
856 2187 973 2240 verbum
991 2201 1052 2241 esse
1070 2187 1081 2240 i
1102 2203 1135 2241 eo

117 2254 190 2307 dixit
205 2256 323 2331 prepter
340 2253 430 2307 verba
446 2253 578 2309 infinitivi
595 2255 673 2309 modi
690 2271 763 2323 quae
781 2255 811 2308 in
828 2253 968 2332 aliquibus
986 2253 1135 2309 sententiis

117 2338 233 2376 casuum
245 2336 306 2375 vice
319 2321 441 2375 maxime
453 2321 620 2377 nominativi
631 2323 783 2378 accusativi
795 2321 913 2375 ablat1vi
933 2337 969 2374 ue
981 2323 1134 2391 ponuntur.

117 2391 150 2443 ut
167 2389 243 2458 apud
262 2389 441 2467 Tonantium
459 2389 496 2443 da
518 2389 588 2443 mihi
610 2390 708 2445 bibere
730 2390 760 2444 id
782 2390 881 2459 potum
899 2339 933 2466 ei
946 2391 1076 2443 nostrum
1094 2391 1136 2444 est

118 2458 214 2512 vivere
233 2458 314 2512 triste
332 2457 361 2510 et
377 2457 606 2511 iocundissimum
624 2458 750 2513 establis
768 2472 879 2512 currere
898 2456 943 2510 dre
962 2457 1080 2512 aestivo.
1106 2457 1136 2510 id

117 2541 213 2579 cnr-eus
232 2526 261 2579 et
277 2525 373 2595 legere
392 2526 422 2579 at
438 2540 495 2578 non
513 2525 681 2594 intellegere
693 2541 750 2580 non
763 2527 806 2580 est
817 2524 912 2594 legere
926 2524 1009 2578 ethis
1021 2525 1134 2583 similia.

117 2594 168 2647 sed
185 2609 241 2647 nen
258 2594 375 2662 propter
392 2593 461 2647 haec
479 2609 574 2647 casum
591 2593 622 2647 in
639 2595 726 2648 verbo
744 2609 804 2648 esse
821 2591 980 2661 putandum
998 2592 1136 2660 quiahoc

117 2663 281 2717 elocutionis
304 2677 393 2731 genus
416 2661 493 2730 greci
511 2661 679 2730 sequnntur,
702 2661 732 2714 in
753 2661 842 2715 latino
860 2675 927 2714 vero
945 2674 1009 2714 raro
1026 2659 1135 2715 inveni-

116 2731 171 2784 tur.
240 2735 264 2783 9.
276 2729 346 2784 Eae.
363 2729 455 2784 Naac.
470 2743 501 2796 p.
512 2731 561 2782 21:
581 2727 669 2782 Dein
692 2729 811 2783 erscnali
829 2727 922 2781 modo.
948 2727 1134 2797 inperaenelia

117 2799 213 2850 autem
226 2797 370 2866 —regula
387 2797 426 2850 sic
445 2812 505 2850 esse
524 2826 557 2835 -
575 2795 647 2849 illud
665 2747 778 2851 ieneae
798 2795 918 2850 dicentis
936 2825 969 2835 -
988 2811 1086 2850 casnm
1103 2825 1134 2835 -

117 2864 202 2917 ctiam
222 2865 252 2916 et
269 2893 301 2902 —
319 2864 437 2917 attrahit
456 2895 487 2904 -
505 2863 620 2918 bellurn.

186 3054 198 3101 1
218 3064 268 3102 nos
284 3048 312 3102 P
324 3049 334 3116 ΙΙ
347 3054 362 3103 3
380 3048 452 3103 sicut
469 3050 497 3103 P
509 3051 519 3118 l
532 3055 546 3104 7
564 3050 677 3105 helarus
694 3051 721 3106 P
733 3052 744 3120 ΙΙ
755 3051 864 3122 1110111111
874 3051 903 3105 Ρ
915 3052 925 3120 l
936 3052 1005 3105 iuna
1016 3050 1062 3122 ini
1077 3049 1134 3134 le

116 3141 132 3190 8
151 3133 273 3190 assidum
291 3132 319 3186 P
335 3133 345 3200 11
359 3137 391 3186 10
413 3133 462 3187 aed
480 3150 530 3189 cm.
548 3135 582 3189 N
595 3136 605 3204 l
623 3140 653 3188 11
673 3135 775 3204 recipit
792 3136 823 3205 (i,
840 3152 875 3192 ec
892 3137 917 3204 e)
936 3135 989 3247 N]
1001 3136 1068 3192 idac
1085 3141 1136 3206 pas

115 3269 172 3308 non
189 3255 224 3309 N
231 3255 242 3322 ΙΙ
256 3259 287 3308 13
305 3252 445 3321 1911111111
462 3253 494 3321 (i¹
509 3270 526 3306 a
542 3269 577 3309 cx
592 3255 672 3313 corr-l
690 3253 725 3307 N
733 3255 742 3322 ΙΙ
754 3254 822 3324 ipsae
834 3254 876 3320 P,
898 3254 989 3333 ipsissl
1004 3255 1039 3324 (i,
1056 3271 1091 3311 erc
1109 3262 1136 3320 e)

116 3321 149 3375 N
157 3323 167 3390 l
181 3324 247 3391 agat
264 3322 305 3389 P,
324 3322 426 3442 egefsg
445 3322 485 3389 (e,
503 3337 537 3398 ea
553 3323 636 3402 cerr.)
654 3322 688 3376 N
696 3323 706 3390 11
719 3322 804 3392 ageat
818 3323 849 3400 P
861 3323 870 3390 l
882 3322 1022 3377 inernrtivi
1039 3325 1091 3393 Pl
1105 3328 1137 3402 14

117 3403 225 3445 aeneeae
249 3392 278 3458 (e
296 3389 375 3456 erae.)
433 3389 761 3458 llannrbalePll14-16
779 3389 941 3444 adiumento
963 3391 1029 3446 utar
1050 3390 1137 3448 hodie

103 3503 203 3541 meme
218 3491 317 3546 Neet.
336 3505 388 3550 om.
404 3491 418 3561 1
435 3497 466 3547 11
490 3462 615 3546 ablativi
631 3491 665 3547 N
678 3493 688 3561 l
704 3470 802 3547 easta
818 3491 871 3561 Nl
885 3498 916 3548 re
933 3490 1054 3562 aluum
1071 3493 1108 3551 P.
