2436 3840
112 172 154 238 20
344 169 500 258 vmauu
517 169 683 226 mauouis
701 136 897 226 demeum.

114 325 332 410 opoitunitate
347 323 520 407 diriuatur,
536 325 643 389 debere
657 327 764 388 autem
779 345 818 386 ex
833 321 999 386 insolubili
1010 321 1133 388 debito.

113 411 198 474 unde
221 414 254 475 et
276 411 304 474 ai
319 409 397 473 dieis
412 429 477 473 uou
492 415 617 491 oportet,
639 428 707 473 non
720 410 789 471 tam
800 407 870 471 fieri
885 406 1017 471 omnino
1031 407 1134 472 inter·

114 495 191 561 diois
220 516 316 578 quam
344 498 538 577 oportunum
564 515 630 556 non
653 512 721 556 esee
743 491 898 572 ostendis,
929 513 1001 556 oum
1023 496 1133 556 autem

114 580 193 644 diois
215 600 281 644 aou
302 579 400 655 debet,
423 578 602 641 indebitum
624 580 683 655 est,
706 577 734 640 si
755 597 898 659 uuquam
920 577 988 640 fiat.
1019 576 1156 647 dieunt.

88 667 211 729 uetiam
245 664 327 760 atiut
359 683 427 725 esse
454 682 520 726 uou
552 665 651 743 potest
676 662 748 744 [teri
775 663 808 725 et
834 661 1016 744 inpossibile
1043 663 1131 744 fieri}

115 747 1135 915 uduumuuuttantummodo

114 917 208 1064 uu
230 914 1134 1081 {stitutumuuuuutttuttu

76 1109 102 1147 ιο
115 1085 335 1149 inmorosioris
363 1085 564 1168 eloquentiae
593 1087 658 1166 est,
689 1085 789 1150 dicere
815 1087 922 1148 autem
944 1083 1136 1166 simpliciter

116 1169 391 1254 communiterque
414 1167 454 1232 ad
476 1190 570 1234 omne
592 1169 714 1234 dietum
735 1168 882 1233 refertur.
921 1169 1031 1233 dieunt
1052 1190 1133 1252 quo·

115 1276 176 1338 que
204 1254 284 1319 aliut
312 1275 379 1319 esse
406 1255 477 1319 uolo
506 1258 539 1318 et
567 1256 676 1337 copim
710 1255 788 1320 uelle
815 1254 901 1317 enim
929 1275 968 1317 ex
995 1253 1134 1336 quadam

115 1341 208 1404 suaui
237 1360 275 1403 ae
297 1339 442 1423 legitima
464 1339 633 1402 uoluntate
655 1338 867 1423 intellegitur,
897 1339 1004 1421 oupire
1026 1342 1134 1404 autem

115 1423 334 1488 inmoderatae
367 1423 551 1506 cupiditatis
580 1426 638 1486 est.
688 1423 773 1486 inter
801 1422 913 1488 bellum
942 1442 1070 1506 quoque
1102 1428 1135 1488 et

79 1522 104 1562 15
111 1508 274 1589 proelium
296 1511 329 1570 et
347 1527 491 1588 uuquam
512 1510 545 1570 et
566 1512 722 1573 certamen
744 1527 811 1570 non
827 1528 962 1590 paruam
977 1507 1133 1572 defferen-

115 1594 195 1655 tiam
217 1612 286 1655 esse
306 1591 485 1655 adfirmant.
514 1592 677 1673 praetium
694 1593 781 1655 enim
805 1592 938 1656 nonnisi
960 1593 995 1656 in
1009 1594 1134 1674 praetio

116 1677 177 1739 hoe
210 1680 259 1740 est
287 1676 322 1740 in
351 1675 466 1759 pelago
496 1676 581 1740 effici
608 1679 729 1759 potest,
764 1676 849 1760 quod
876 1675 947 1741 ideo
976 1676 1134 1760 praelium

116 1761 317 1838 nominatur,
340 1761 415 1844 quia
435 1781 513 1844 prae
535 1761 650 1826 ceteris
673 1761 832 1826 elimentis
854 1761 989 1844 quadam
1014 1760 1064 1825 sui
1086 1763 1136 1827 in·

117 1846 287 1910 mensitate
308 1845 494 1909 inundando
517 1845 616 1910 etiam
637 1849 670 1910 et
684 1846 875 1911 deundando
891 1846 1050 1929 quendam
1066 1868 1134 1910 am·
1152 1864 1155 1869 ·

77 1939 103 1979 20
115 1930 296 1995 mirationis
322 1930 503 2014 praelatum
531 1930 637 1996 habet
683 1931 795 1997 bellum
817 1934 926 1995 autem
946 1931 1078 1995 nonnisi
1100 1931 1136 1995 in

117 2015 206 2079 belsa
227 2016 289 2079 hoo
311 2018 361 2078 est
382 2016 417 2077 in
439 2035 553 2097 eampo
576 2016 692 2100 agitur.
728 2015 817 2079 belsa
839 2017 926 2080 enim
948 2017 988 2080 ob
1010 2014 1073 2080 hoo
1089 2015 1137 2080 di·

117 2100 217 2182 eitur,
246 2099 321 2182 quia
346 2098 434 2163 belsa
461 2098 599 2180 plurima
627 2121 709 2182 quae
737 2102 812 2163 sunt
832 2100 980 2184 gramina
1000 2101 1135 2184 profert

116 2189 273 2249 certamen
295 2183 403 2246 autem
425 2203 464 2246 ex
486 2186 573 2247 oerto
596 2183 667 2248 loeo
686 2182 747 2248 hoo
767 2187 816 2248 ost
830 2185 1030 2268 receptaculo
1046 2206 1136 2250 exer-

118 2269 199 2331 eitus
222 2266 386 2331 diriuatur.
424 2286 546 2348 poeno,
570 2269 605 2332 in
627 2289 690 2352 qua
708 2269 848 2353 pugilles
869 2291 945 2335 euos
960 2270 1135 2355 utrobique

117 2484 212 2539 debito
225 2514 257 2524 -
270 2483 358 2539 debet
374 2482 531 2539 indebitum
550 2486 617 2540 si-
629 2486 688 2542 fiat.
791 2493 815 2541 9.
833 2489 870 2544 ib.
897 2488 984 2542 Aliud
1006 2489 1050 2543 est
1067 2490 1137 2544 dioi-

116 2553 164 2605 tur
185 2551 295 2607 loeutus
318 2554 360 2607 eat
381 2554 466 2607 et-
487 2553 645 2622 eloquentis
666 2586 700 2594 —
722 2571 823 2624 capere
846 2556 1083 2611 —immoderate
1102 2589 1136 2598 —

130 2620 255 2698 'raelium
283 2620 313 2674 et
343 2623 487 2676 certamen
512 2622 542 2676 et
567 2639 691 2692 pugnam
712 2653 747 2663 —
767 2639 829 2701 esse
856 2623 1045 2679 differentiam
1070 2642 1136 2694 pre·
1166 2614 1177 2633 ⁶

116 2637 539 2826 tamea-uuae
552 2690 1136 2828 <mammaeam

118 2839 183 2876 suas
201 2823 324 2891 pugillee
342 2854 376 2864 —

118 2963 320 2972 ——-.--.-—

187 3030 252 3078 1—9
262 3025 547 3081 debere-dixitmihi
556 3026 646 3081 om.N
653 3028 664 3095 ΙΙ
678 3028 847 3081 linsulubili
856 3027 959 3083 debete
968 3029 997 3082 P
1008 3031 1019 3098 ΙΙ
1031 3035 1135 3098 topot-

118 3092 228 3144 tumum
240 3093 268 3146 P
279 3094 289 3161 ss
302 3095 412 3215 autPlt
422 3094 612 3149 tindebetum
621 3096 650 3149 P
662 3097 672 3162 ΙΙ
685 3095 781 3149 taliut
789 3097 817 3149 P
827 3096 950 3174 (semper)
987 3096 1138 3163 Bdefinitae

117 3159 167 3227 Pu
181 3165 366 3214 1omoros1r1s
423 3162 434 3230 ΙΙ
448 3167 477 3215 11
496 3162 626 3231 refertur]
644 3163 720 3215 inter
736 3162 802 3217 volo
820 3166 845 3215 u
863 3180 947 3233 eup1o
1000 3165 1011 3232 ΙΙ
1025 3171 1055 3219 13
1074 3166 1136 3219 aaut

117 3226 146 3280 P
157 3228 167 3295 ΙΙ
181 3233 279 3281 14-21
297 3228 460 3297 cupiditatis
478 3229 633 3283 eet-belsa
645 3244 695 3284 om.
708 3228 743 3283 N
750 3231 760 3299 ΙΙ
774 3236 806 3283 16
818 3229 847 3283 in
859 3245 910 3287 om.
922 3231 951 3285 P
962 3234 972 3301 ΙΙ
987 3238 1017 3286 17
1029 3232 1136 3304 pylago

117 3296 146 3348 P
161 3297 171 3363 tl
190 3300 222 3349 18
243 3295 331 3349 uaeris
351 3295 380 3349 P
397 3297 407 3365 ΙΙ
424 3296 575 3365 quamdam
593 3297 647 3365 1²11
666 3304 697 3351 19
714 3297 959 3353 ammiratioeenie
982 3301 1031 3367 (ne
1048 3301 1135 3368 maa.)

117 3364 145 3416 P
157 3363 167 3431 u
180 3368 212 3416 22
230 3362 373 3431 gramima
391 3372 419 3432 (a
437 3364 629 3433 eras.)P1123
647 3365 729 3434 oepto
747 3366 788 3430 P;
812 3368 890 3421 oerto
913 3368 974 3421 loeo
997 3366 1137 3422 dirivatur

118 3461 150 3515 N
166 3467 254 3517 cetera
270 3464 370 3519 dmuut
385 3481 471 3535 usque
482 3465 557 3520 inter
568 3466 660 3535 plebis
672 3467 682 3534 t
695 3435 808 3521 exditus
824 3467 921 3536 Ρ1124
937 3467 1081 3538 utribique
1099 3469 1135 3523 P.
