2436 3840
410 114 457 171 111.
487 115 536 170 on
553 86 790 172 andnemun.'
1062 121 1102 184 47

83 291 152 335 non
174 271 247 334 stat.
281 269 367 334 inter
388 269 418 334 is
439 272 472 334 et
492 270 543 335 laio
558 270 618 334 hoo
634 269 740 348 distat
757 270 840 354 quod
855 271 883 335 is
898 270 1104 357 subiungitur

83 358 121 421 ut
142 359 179 421 at
198 354 235 420 is.
270 353 325 418 sed
345 357 455 418 tamen
471 354 498 418 si
513 355 775 420 coniunctionem
790 356 1026 420 subiunctiuam
1041 357 1103 420 sibi

84 438 236 505 habuerit
263 439 459 522 copulatam,
489 441 518 504 is
546 440 699 524 praeponi
728 443 851 525 potest,
879 442 1102 524 attentatam,

80 526 111 592 is
137 544 223 591 aero.
267 525 318 590 hio
345 527 450 588 autem
480 545 605 608 semper
632 527 840 609 praeponitur
865 528 902 589 ut
929 526 979 590 hie
1008 528 1102 595 eatae.

80 608 261 694 siquando
290 610 510 674 coniunctioni
538 611 762 692 praepossitiui
785 610 907 676 ordinis
929 609 1029 674 fuerit
1052 630 1102 674 eo·
1127 630 1140 670 a

80 693 249 779 putatum,
271 698 349 760 tuno
371 692 460 757 linito
483 695 688 778 subiungitur
709 698 745 758 ut
759 696 910 776 quoniam
926 696 986 759 hie.
1025 694 1103 779 legi-

80 800 154 844 mus
180 777 266 844 flecti
291 780 353 844 mei
374 777 427 842 uel
448 780 519 843 mis.
564 800 662 862 quare
689 778 752 844 hoe
778 779 929 844 additur?
965 780 1029 844 hoe
1056 781 1103 843 ita

80 863 350 1012 intelloffiendum
372 863 447 947 quia
460 865 519 928 mis
533 884 600 927 non
616 863 734 928 dieitur
748 865 810 928 nisi
826 863 865 928 de
881 886 918 928 ea
932 885 982 946 re,
1006 885 1102 947 quam

80 946 163 1013 mihi
181 969 202 1012 a
243 948 352 1034 aliquo
369 947 581 1031 repromisam
595 969 688 1032 spero
703 953 907 1030 euenturam,
923 951 981 1014 mei
996 952 1102 1013 autem

82 1032 122 1097 de
144 1033 289 1118 eoquod
311 1034 352 1099 ad
373 1053 527 1116 praesens
549 1033 714 1117 possedeo,
753 1037 830 1097 sunt
851 1038 884 1098 et
906 1034 970 1097 alia
985 1055 1100 1116 prono·
1116 1057 1140 1096 ιο

81 1117 188 1201 mina,
226 1139 308 1204 quae
347 1118 382 1183 in
414 1117 575 1182 latinitate
606 1119 742 1182 ussitete
775 1139 843 1182 non
877 1118 1055 1182 habentur'
1070 1122 1102 1183 et

81 1205 194 1267 tamen·
219 1203 353 1268 indubie
380 1201 581 1286 recipiuntur
609 1222 727 1287 genere
754 1201 934 1267 masculino
961 1208 998 1266 ut
1024 1223 1101 1283 mas,

82 1286 246 1372 genitiuus
258 1289 310 1366 mi,
327 1287 454 1350 datiuus
466 1306 525 1369 mo,
542 1287 742 1351 aoeusatiuus
756 1308 849 1372 mum,
865 1289 1032 1352 uocatiuus
1046 1289 1101 1369 mi,

83 1370 245 1437 ablatiuus
266 1392 317 1437 mo
339 1375 372 1436 et
393 1370 561 1455 pluraliter
588 1373 634 1436 mi
661 1391 782 1436 morsm
803 1374 865 1437 mis
885 1392 952 1437 mos
974 1393 991 1438 0
1013 1375 1059 1437 mi
1080 1394 1101 1437 o

80 1457 158 1540 aas,
186 1455 344 1522 feminino
366 1476 422 1521 ma
444 1476 515 1520 moe
542 1476 612 1520 moe
640 1476 727 1521 mom
755 1476 772 1521 o
801 1477 856 1524 mo
881 1478 903 1522 a
926 1477 998 1540 mo,
1028 1456 1099 1541 plu·
1112 1479 1138 1519 15

80 1540 193 1605 naliter
214 1561 286 1617 moe
306 1561 434 1606 marom
456 1541 517 1604 mis
538 1560 608 1605 mas
622 1560 693 1605 mae
714 1564 736 1606 a
749 1542 819 1620 mis,
840 1545 992 1606 neutrum
1004 1563 1100 1624 mam,

81 1645 141 1709 pro
163 1644 228 1709 quo
250 1627 285 1689 in
307 1647 384 1690 ussu
407 1624 544 1689 habetur
565 1645 665 1703 meaa,
689 1626 735 1689 sio
758 1627 819 1690 erit
833 1630 866 1690 et
879 1631 930 1692 tus
944 1649 1003 1710 pro
1019 1633 1100 1693 toas.

150 1849 174 1899 1.
192 1842 264 1899 Eae.
281 1844 368 1902 Bora.
385 1847 449 1909 194,
469 1847 503 1897 15
509 1863 515 1896 :
543 1842 620 1896 Inter
642 1842 666 1895 is
684 1844 714 1896 et
730 1842 776 1895 hio
793 1843 847 1897 hoe
864 1845 984 1898 interest
1000 1874 1034 1883 —
1051 1844 1101 1898 sed

79 1912 194 1991 tantum
218 1941 265 1991 ‘'.
276 1911 462 1982 praeponitur
487 1911 534 1965 hie
559 1942 593 1950 -
620 1909 778 1964 coniunctio
806 1911 833 1964 ei
878 1911 1041 1990 raepositivi
1067 1943 1101 1989 ‘.

80 1994 215 2102 serre
221 1979 346 2102 dita
365 1977 727 2125 &tradidit
744 1978 1100 2123 telssffmstltl

80 2113 152 2174 Eoo.
164 2114 253 2170 aaa.
269 2118 334 2182 194,
352 2118 398 2169 11:
424 2113 557 2192 Legimus
574 2113 648 2168 fleetr
662 2142 693 2191 .-
707 2117 738 2185 et
754 2115 903 2192 venturam
917 2145 949 2193 3-
961 2114 1099 2191 possideo.

81 2188 122 2239 10.
140 2182 209 2241 s'bt'd.
226 2185 290 2250 196,
308 2185 356 2236 14:
385 2183 457 2236 Sunt
474 2181 531 2235 alra
541 2197 709 2250 pronomina
721 2211 751 2220 -
765 2183 870 2235 usitata
881 2213 914 2222 -
926 2183 968 2235 aa
984 2182 1099 2235 dubram

79 2250 271 2318 retoipiuntur
286 2281 318 2290 -
330 2266 393 2331 mus
409 2249 449 2302 mi
467 2266 513 2303 mo
531 2267 609 2302 mum
627 2249 730 2327 mimo
747 2250 852 2318 plurali
869 2250 953 2303 mi-
965 2249 1100 2304 feminino

79 2317 423 2508 deffinita
442 2333 504 2439 a?
519 2332 592 2437 aa
608 2333 670 2437 llll
686 2321 849 2441 ”fluitat
866 2319 1045 2440 eldat
1068 2348 1101 2426 Ξ

79 2469 144 2508 mus
202 2495 209 2510 .

151 2645 166 2692 1
186 2637 271 2708 quod]
293 2655 348 2706 quo
365 2638 399 2692 ia
415 2653 471 2692 rae.
488 2639 569 2704 Ν113
587 2635 741 2714 preceponi
757 2637 807 2715 Pl
820 2637 850 2690 at
866 2636 890 2689 is
912 2637 946 2713 ut
962 2637 986 2689 is
1004 2639 1100 2715 autem

80 2706 116 2763 N
128 2711 177 2764 oet.
196 2721 247 2762 om.
264 2708 275 2775 ι
291 2712 309 2759 4
326 2707 433 2774 autom]
453 2722 503 2760 om.
522 2705 556 2759 N
569 2706 579 2773 ΙΙ
599 2711 614 2759 7
631 2706 677 2758 hro
695 2721 770 2759 emm
787 2705 862 2758 mter
879 2720 936 2758 mer
955 2706 984 2758 et
1000 2722 1053 2758 mrs
1070 2705 1104 2760 N

82 2814 132 2867 eet.
152 2823 204 2864 om.
222 2807 234 2879 ιι
250 2812 273 2862 s·
288 2776 484 2878 commanos}
503 2808 532 2862 Ρ
548 2808 558 2876 ιι
575 2773 733 2890 prapaes
746 2806 775 2860 P
786 2807 796 2874 ιι
809 2805 852 2863 af.
866 2809 932 2872 poet
948 2805 989 2859 aa
1004 2807 1037 2860 er
1047 2823 1099 2877 my.

79 2892 244 2965 iintelegitur
259 2892 288 2947 P
299 2894 310 2962 l
322 2898 406 2948 8-10
422 2893 476 2946 mis
498 2892 611 2961 quando
629 2908 654 2948 a.
673 2908 697 2950 a.
716 2907 797 2960 spero
837 2890 983 2943 remissam
1001 2893 1100 2945 ventu-

80 2978 140 3016 ram
159 2978 220 3016 rem
237 2960 294 3015 mei
311 2960 388 3029 quod
405 2977 539 3030 praesens
556 2979 584 3030 p.
597 2959 631 3013 N
639 2961 677 3028 118
696 2959 732 3014 de
750 2959 791 3012 &a
846 2959 856 3027 ΙΙ
870 2963 970 3012 10-12
988 2960 1018 3013 et
1035 2962 1100 3012 sunt

80 3081 108 3133 p.
128 3080 156 3132 q.
175 3079 233 3118 non
252 3050 353 3128 Q
373 3066 403 3117 in
426 3080 478 3117 usu
501 3062 641 3116 habentur
658 3062 692 3113 ut
708 3037 771 3114 mds
787 3059 822 3113 N
835 3064 882 3115 oet.
907 3074 958 3114 om.
976 3060 987 3128 ΙΙ
1005 3066 1036 3113 12
1058 3059 1099 3111 in·

81 3148 175 3203 suase
192 3148 222 3202 Ρ
237 3150 247 3217 ι
262 3148 420 3218 recipiatur
436 3148 464 3202 Ρ
475 3148 486 3216 ιι
500 3154 531 3202 13
549 3149 586 3217 ge
604 3146 645 3209 Ρ,
668 3147 742 3215 gese
760 3144 812 3214 Nl
823 3130 876 3198 aas
893 3143 956 3197 ΡΝ
964 3145 974 3212 ιι
988 3159 1099 3197 aecusa-

80 3248 140 3304 svo
160 3249 574 3319 (oeenrrromarnra
590 3264 671 3304 meae
688 3227 886 3316 mearunt
904 3246 944 3311 P,
968 3259 1019 3298 aa.
1039 3244 1097 3313 Νιι

81 3354 121 3473 {a
132 3353 162 3405 et
177 3357 310 3407 neutrum
326 3350 361 3406 N
369 3352 380 3420 l
391 3368 469 3404 mum
488 3352 540 3418 (m1
554 3353 631 3418 corr.)
649 3350 774 3419 sequitur
786 3351 816 3402 et
827 3350 873 3401 tus
884 3317 1054 3400 tlll'solum
1067 3345 1101 3399 N

121 3459 129 3474 .
146 3434 196 3474 om.
