2436 3840
454 185 505 242 m.
532 184 580 240 ns
599 183 730 239 oneno.
1038 183 1104 249 147.

81 341 194 405 milites
215 339 322 422 inquit
336 337 479 404 Romami
499 338 688 418 indefessum
708 338 824 402 trimi
844 337 983 402 simdimm
1004 338 1099 402 domeo

80 444 199 506 semper
216 443 278 506 pro
299 424 366 487 smis
387 425 522 488 mimcere.
559 423 666 503 miiqme
694 422 813 487 erodso
836 421 952 486 Troiae
974 422 1098 488 momia

80 510 194 575 uertice
216 529 255 572 me
277 508 416 590 disperdi
438 511 528 573 comte
550 507 690 570 tirmere.
728 505 790 571 hoc
819 506 928 570 dicens
954 505 1098 590 assignat

80 592 278 656 infinitiuum
312 591 441 655 modum
475 593 510 655 in
542 590 678 654 obtatiui
710 590 817 655 locum
846 590 946 673 recipi
974 589 1097 654 debere.

81 681 156 760 post
177 678 255 740 item
278 676 459 759 aliquantae
482 695 499 740 o
521 675 642 741 sodates
657 674 798 741 Romami
821 677 963 756 ciuesque
986 674 1097 757 (impe
1124 690 1137 729 ⁵

80 761 185 825 ratiuo
209 759 317 844 modo)
341 759 507 825 comedere.
549 832 551 836 y

166 843 215 909 De
237 843 443 929 impersonali
465 843 561 908 modo
583 864 649 908 una
670 844 842 929 utrobique
858 843 1003 928 quaestio
1019 863 1096 906 uen-

81 930 206 1007 tilatur,
238 929 443 993 Terrentii
467 928 595 1012 quidem
618 929 764 1012 partibus
787 929 947 993 obstinate
968 928 1099 992 conten·

82 1014 232 1078 dentibus
260 1014 461 1097 impersonale
490 1014 625 1078 uerbum
652 1013 693 1077 ab
726 1013 815 1077 omni
846 1013 944 1078 uerbo
977 1011 1099 1096 signifi-

82 1099 203 1164 catorio
207 1147 216 1181 ,
239 1097 272 1162 id
288 1102 336 1162 est
350 1101 419 1162 tam
434 1099 541 1162 actiuo
556 1119 651 1181 quam
668 1096 856 1181 deponenti,
877 1102 944 1162 tam
959 1096 1098 1161 neutrali
1112 1112 1137 1151 10

81 1205 177 1267 quam
201 1183 378 1264 communi,
408 1182 498 1246 nasei
519 1181 691 1245 indubitali
720 1183 895 1246 assertione
923 1182 1025 1247 solere
1048 1203 1098 1245 ex-

82 1271 174 1350 cepto
203 1267 342 1350 pessino.
384 1287 458 1330 nam
509 1265 570 1330 uod
601 1265 641 1329 ab
668 1266 774 1331 actiuo
802 1267 916 1331 tertiae
942 1286 1099 1349 personae

82 1352 172 1415 uerbi
198 1350 322 1433 passini
350 1286 560 1415 similitudine
589 1347 761 1435 diriuetur,
790 1351 955 1434 passiuum
982 1350 1098 1415 iterum

81 1456 148 1500 non
171 1435 305 1519 repetit,
333 1434 521 1518 praesertim
543 1455 616 1499 cum
638 1435 801 1517 passiuum
824 1436 957 1500 uerbum
979 1435 1099 1518 absque

80 1521 284 1585 nominatiuo
306 1540 396 1585 cassu
419 1519 518 1584 asseri
539 1540 606 1583 non
620 1521 742 1584 ualeat:
771 1519 970 1605 Galbungi
992 1522 1137 1584 autem1⁵

82 1604 282 1669 auditoribus
304 1605 437 1670 nonnisi
458 1605 499 1669 ab
522 1604 629 1669 actiuo
651 1608 685 1669 et
710 1605 851 1670 neutrali
873 1604 972 1670 uerbo
992 1605 1098 1687 inper-

82 1689 223 1753 sonalem
245 1688 377 1753 modum
421 1689 564 1753 recidere
586 1709 691 1771 posse.
729 1690 844 1773 quibus
868 1693 900 1753 et
921 1708 981 1773 ego
1004 1689 1099 1752 facile

82 1773 268 1850 assentirer,
299 1772 362 1836 nisi
416 1772 589 1836 errentii
610 1775 718 1855 partes
741 1773 816 1837 mile
838 1773 932 1837 nobis
956 1773 1100 1855 exempla

81 1856 315 1940 prodidissent,
340 1855 455 1939 quibus
478 1858 672 1920 sententiam
695 1877 785 1920 suam
808 1856 1032 1920 affirmabilem
1054 1855 1100 1920 fe·

69 1944 195 2007 serint.
218 1946 321 2025 pauca
337 1939 536 2023 proferemus
549 1940 585 2003 in
596 1940 747 2006 medium.
769 1962 906 2024 nemque
916 1941 1098 2005 Atticorum
1112 1953 1138 1994 2⁰

81 2030 321 2109 praeceptorem
338 2024 447 2090 ferunt
464 2024 596 2089 dixisse:
614 2027 801 2091 criminator
814 2025 927 2109 inquid
944 2026 984 2091 ob
1000 2027 1099 2090 ommi-

81 2113 153 2195 tms,
183 2113 261 2193 quio
290 2130 347 2176 mos
368 2111 524 2192 pemmioe
550 2112 587 2174 im
614 2112 785 2176 amicorum
804 2112 971 2193 praesidio
985 2110 1099 2194 profli-

78 2197 206 2278 9omdae
233 2197 318 2262 dmm
347 2196 464 2261 ditiore
487 2196 692 2281 pepercimus
744 2197 777 2259 et
805 2197 921 2260 iterum
949 2194 1099 2258 Donati

82 2280 166 2343 senis
182 2279 364 2362 exemplum
379 2281 550 2361 proferunt
564 2280 715 2344 dicentis:
728 2281 885 2363 pomdetmr
900 2284 928 2346 ei
938 2280 1097 2362 pioriotdr

81 2365 197 2427 mosiris
228 2365 264 2427 im
293 2364 424 2428 urbibus
450 2384 519 2445 repe
546 2365 583 2428 dc
611 2365 704 2429 exitio
730 2366 885 2430 redemmie.
929 2365 984 2429 sed
1012 2364 1136 2447 quie-2⁵

82 2467 178 2529 quam
209 2445 348 2511 forsitan
377 2467 449 2511 cum
477 2445 556 2510 haec
585 2446 736 2528 audierit,
770 2452 955 2532 praesumet
982 2448 1095 2528 dicere,

82 2533 156 2613 quie
176 2531 279 2614 magis
295 2530 401 2594 actius
416 2533 448 2594 et
462 2529 622 2593 neutralia
635 2531 733 2595 uerba
749 2552 816 2595 esse
833 2531 943 2596 eadem
958 2534 1093 2614 possint,

82 2635 120 2678 ex
148 2614 263 2699 quibus
288 2615 367 2679 haec
389 2613 617 2697 impersonalia
638 2615 774 2678 ueniunt
795 2636 892 2698 quum
915 2616 1097 2680 communia

81 2698 290 2783 deponentia,
320 2698 373 2783 <id
395 2701 444 2763 est
462 2700 606 2782 caudeo>
628 2698 680 2763 ue]
700 2700 811 2782 piorio.
849 2698 933 2783 quod
955 2699 1014 2764 etsi
1036 2721 1097 2784 ego

80 2784 199 2848 alicubi
213 2783 359 2849 inuenire
374 2784 552 2867 potuerim,
570 2786 679 2848 tamen
694 2785 768 2867 quia
783 2805 851 2849 non
866 2787 914 2849 est
929 2785 1094 2866 usitatum,
1108 2798 1135 2840 ³⁰

78 2869 237 2934 affirmare
260 2890 325 2933 non
347 2889 489 2952 possum.
636 2883 643 2893 ·

149 3061 162 3107 1
181 3053 345 3107 indifessum
362 3052 397 3108 N
404 3055 441 3122 112
461 3054 557 3107 troeae
574 3051 608 3106 N
613 3120 618 3131 Ι
635 3059 655 3131 Ι3
667 3052 782 3121 vertice]
796 3053 880 3107 utitee
891 3053 925 3109 N
934 3055 943 3122 ΙΙ
956 3059 972 3108 5
984 3053 1095 3108 sedales

79 3122 112 3176 N
122 3124 132 3192 ΙΙ
146 3128 178 3176 10
196 3137 228 3174 ae
250 3137 266 3174 o
283 3121 317 3178 N
326 3123 335 3189 ΙΙ
349 3128 380 3199 27
398 3120 483 3174 modo
501 3120 535 3175 N
541 3122 553 3199 J!
566 3119 687 3175 faeuN
696 3121 705 3189 ΙΙ
720 3125 751 3174 18
768 3122 868 3190 pantes
881 3120 915 3176 N
923 3136 991 3176 corr.
1004 3121 1093 3243 Now

79 3197 112 3245 20
129 3205 200 3259 paca
259 3190 269 3257 ΙΙ
281 3188 407 3243 medium
426 3189 455 3242 et
471 3188 597 3242 medium
609 3186 796 3247 Noorr.it1oi
808 3190 818 3258 ss
831 3190 905 3242 aruit
923 3203 1042 3256 qnorum
1087 3228 1094 3254 ‚

80 3257 244 3314 Terentium
263 3272 382 3325 quorum
394 3256 458 3311 Mai
470 3257 480 3324 ΙΙ
493 3263 524 3308 21
543 3256 707 3310 criminatur
718 3256 783 3310 Mai
795 3258 805 3326 11
818 3263 850 3310 22
868 3255 1022 3325 praesidiat
1037 3255 1073 3310 N
1080 3256 1093 3326 lt

80 3331 221 3412 {stigando
239 3340 271 3396 N
282 3342 292 3410 u
305 3345 338 3394 26
352 3355 520 3419 praesumas
537 3339 571 3395 N
579 3340 592 3420 t
602 3347 634 3395 27
647 3341 756 3421 estiva]
778 3356 853 3408 aqna
870 3339 905 3394 N
918 3353 986 3395 corr.
1004 3339 1069 3393 Mai
1080 3340 1092 3409 {l

79 3415 119 3531 ddi
126 3409 378 3531 ffidepmnm
395 3424 451 3464 raa.
464 3411 552 3462 8-10
570 3407 621 3466 eiu.
640 3425 673 3462 am
683 3408 717 3463 N
725 3409 735 3477 t
748 3408 778 3461 1d
798 3408 841 3462 est
858 3407 968 3477 gaudeo
986 3407 1094 3476 supple·

849 3558 905 3611 W*
