2436 3840
449 112 511 167 vn.
539 111 587 166 on
606 111 737 169 unaue.
1063 116 1104 183 65

83 265 175 331 uelut
188 265 352 349 praesenti
368 265 547 347 proximum
564 264 605 328 ob
621 265 682 329 hoc
698 265 823 346 dieitur,
843 268 998 349 quianon
1015 273 1103 333 certo

84 349 138 415 uel
154 348 303 423 eondioto
318 348 369 413 die
384 352 569 433 temporeue
585 348 639 412 sed
655 350 745 432 quasi
756 351 875 433 passim
888 354 921 415 et
931 352 1104 435 aliquantis

81 432 176 499 horis
198 436 306 498 uotum
328 433 381 497 uel
396 432 516 497 dietum
531 434 740 516 significatur.
770 436 980 517 praeteritum
997 442 1104 502 autem

82 517 263 603 perfeetum
286 518 404 582 certius
427 539 464 583 ao
485 517 647 582 definitius
662 518 784 582 factum
805 541 872 583 esse
888 524 1102 605 monstratum

82 603 253 687 plusquam
276 601 394 666 idcirco
416 603 462 667 sie
485 602 611 681 dieitur,
635 603 709 685 quia
730 603 860 688 longius
884 607 917 669 et
930 605 1103 688 perfectius
1128 625 1143 664 s

83 686 265 753 ostenditur
285 687 451 769 inpletum.
490 688 628 770 quodam
651 708 729 770 ergo
752 688 991 753 ascendentium
1013 711 1103 754 more

83 772 124 836 de
145 770 352 835 inferioribus
367 771 407 834 ad
422 771 588 854 superiora
604 770 666 834 hoe
689 775 737 835 est
758 772 797 836 de
819 773 950 838 incertis
973 774 1013 838 ad
1037 796 1103 839 oer-

82 855 167 923 tiora
187 857 402 939 peruenimus
432 860 557 919 ueteres
580 855 678 919 etiam
699 857 842 921 futurum
864 864 991 941 tempus
1014 859 1104 924 uelut

82 939 119 1005 in
139 938 218 1004 duas
241 940 395 1023 quasdam
416 942 523 1023 partes
547 939 733 1004 diuidebaut
754 945 791 1005 ut
810 943 919 1007 uidebo
935 945 968 1006 et
982 945 1101 1024 uidem,

83 1023 176 1108 quasi
197 1024 278 1089 aliut
299 1025 342 1088 sit
363 1024 447 1108 quod
470 1025 610 1088 erastino
634 1029 667 1087 et
691 1027 774 1108 quod
791 1025 825 1089 in
842 1027 939 1110 longo
954 1030 1101 1111 tempore
1115 1047 1141 1088 lo

83 1107 128 1173 sit
149 1113 347 1174 euenturum.
377 1107 462 1173 unde
485 1113 517 1172 et
539 1130 557 1171 a
578 1109 739 1194 plerisque
761 1131 818 1194 pro
840 1109 948 1174 futuro
963 1113 1101 1177 seeundo

82 1196 227 1277 tompore
255 1193 480 1276 promissiuum
509 1194 641 1256 modum
666 1193 701 1256 in
723 1215 801 1257 ussu
823 1194 995 1259 habebant.
1040 1217 1101 1261 nos

82 1281 191 1343 eutem
212 1299 272 1343 neo
293 1278 439 1341 futurum
461 1278 636 1342 seeundum
657 1281 783 1360 tempus
798 1299 858 1342 neo
873 1280 1100 1362 promissiuum

82 1360 212 1427 modurn
227 1362 418 1445 recipientes
434 1364 466 1426 et
481 1361 565 1445 quod
579 1382 680 1444 prope
696 1368 729 1426 et
744 1364 829 1445 quod
845 1362 940 1447 longe
954 1363 1101 1428 futurum

83 1450 148 1526 est,
164 1447 224 1511 sub
244 1450 338 1511 unius
354 1445 458 1511 futuri
472 1446 627 1528 temporis
642 1447 877 1532 significatione
894 1448 1100 1512 declinamus.
1115 1466 1141 1507 ru

83 1530 303 1617 multipedam
330 1537 457 1614 tempus
479 1531 625 1594 futurum
648 1531 785 1596 obtatiui
807 1531 893 1595 modi
915 1533 950 1596 in
972 1533 1102 1597 modum

81 1614 309 1699 imperatiuum
336 1620 481 1699 tempore
508 1614 618 1679 futuro
646 1617 750 1699 prima
776 1615 945 1681 dumtaxat
965 1639 1103 1701 persona

82 1703 208 1765 uertere
230 1701 382 1765 nituntur
404 1704 441 1765 ut
463 1701 612 1781 audium,
640 1721 708 1764 non
729 1704 885 1783 ponentes
908 1722 989 1784 quae
1012 1702 1103 1766 obta-

82 1784 188 1851 tiuum
215 1785 347 1849 modum
377 1785 561 1869 significent
588 1782 621 1846 id
649 1788 698 1849 est
725 1789 761 1849 at
786 1787 913 1850 utinam
941 1805 981 1849 ue
1008 1786 1103 1851 donee

81 1888 255 2037 ttttt
269 1868 1141 2037 litttlttllllltlptlllltltlttlt:²⁰

81 2058 192 2103 rarum
214 2040 444 2122 consequentia
465 2037 500 2101 in
521 2038 568 2101 eis
590 2057 657 2101 non
672 2037 798 2102 uidetur
813 2037 940 2102 ostendi
955 2040 992 2101 ut
1006 2039 1102 2120 offero

82 2126 116 2187 et
142 2123 318 2207 praeterito
344 2126 489 2206 tempore
519 2122 648 2186 metatis
676 2123 809 2206 syllabis
831 2123 944 2203 obtuli,
974 2143 1103 2186 necnon

80 2208 117 2271 in
137 2208 265 2291 passiuo
286 2208 387 2272 uerbo
409 2212 553 2291 tempore
569 2208 742 2291 praeterito
760 2208 883 2273 oblatus
897 2227 976 2271 sum.
1014 2205 1100 2290 quod

80 2290 230 2357 neforto
252 2293 391 2370 mireris,
421 2291 620 2369 dieamtibi,
647 2292 732 2375 quod
754 2312 828 2374 sepe
852 2291 984 2373 accidit,
1006 2295 1138 2356 utetur

80 2376 215 2441 nomina
242 2380 275 2441 et
303 2377 494 2461 pronomina
515 2376 680 2439 literarum
703 2377 848 2440 ordinem
869 2397 936 2439 non
959 2379 1098 2457 seruent,

81 2481 156 2526 oum
182 2465 292 2526 tomen
318 2461 487 2525 intellectu
514 2461 625 2524 eadem
652 2481 720 2525 esse
748 2465 921 2526 noscuntur
943 2462 979 2524 ut
1001 2460 1102 2525 bonus

80 2546 193 2612 ratior
206 2547 354 2626 abiimus,
377 2546 481 2611 mulus
490 2545 582 2627 peior
591 2546 749 2627 pessimus
763 2545 809 2609 sie
824 2564 907 2609 uuus
924 2547 956 2607 et
969 2545 1099 2625 stuppli.

82 2630 194 2695 eedem
216 2631 311 2696 modo
334 2633 367 2695 et
387 2629 449 2694 alia
468 2627 652 2694 huiusmodi
667 2629 765 2693 uerba
781 2631 876 2692 erunt
891 2629 927 2690 ut
942 2628 1101 2708 transfero

146 2862 166 2921 2
178 2871 243 2935 poet
261 2865 390 2921 condicto
406 2880 461 2919 rae.
481 2868 551 2920 5-6
568 2864 621 2922 litt.
635 2865 666 2918 iu
677 2864 711 2919 N
720 2865 729 2932 l
743 2865 789 2932 ue]
804 2876 852 2917 ure
865 2862 898 2917 N
908 2863 918 2932 11
930 2868 1035 2931 passu}
1045 2862 1077 2917 N
1086 2862 1101 2932 ll

79 2974 97 3025 a
115 2939 265 3037 „igniat
275 2969 319 3038 (κ
330 2970 416 3046 παρ),
429 2964 481 3087 utu
494 2966 663 3088 4pdifi¹¹³lll¹⁸
680 2966 746 3048 Pu
753 2948 1031 3087 tzalmam&
1047 2963 1101 3084 qn

79 3040 168 3172 lidii
177 3037 517 3180 uvidlniidddmdiiirill
531 3049 594 3170 idi
605 3108 636 3155 15
654 3034 719 3171 lid]
731 3050 789 3179 lea
805 3071 833 3154 13
841 3032 1024 3178 plrrssiold
1062 3046 1103 3136 ἐξ

80 3170 267 3241 quoadusque
290 3185 341 3224 om.
360 3168 394 3223 N
407 3170 417 3238 u
434 3176 468 3225 20
491 3169 604 3223 difluere
629 3167 723 3238 71121
748 3166 1051 3237 1mpensP1121-25
1069 3179 1103 3219 eo

79 3270 303 3395 ‹pou-mirem
320 3285 371 3326 om.
388 3267 419 3325 u
436 3270 447 3338 l
463 3277 495 3324 22
514 3238 660 3350 pereunte
676 3272 704 3325 1³
721 3271 731 3338 l
748 3276 780 3324 23
803 3265 919 3321 mutuus
945 3264 971 3317 V
986 3265 996 3334 l
1013 3264 1104 3342 optus

154 3345 188 3393 26
210 3340 290 3409 repe]
309 3354 338 3393 se
358 3337 405 3408 Vl
418 3343 450 3392 26
469 3339 565 3418 ordrne
583 3338 637 3418 Nl!
649 3344 681 3392 27
698 3338 850 3415 nuscuntur
872 3333 963 3454 qulntS
981 3333 1104 3399 optimus

82 3406 114 3463 V
152 3408 208 3476 μθ
220 3412 285 3475 port
304 3407 386 3461 erunt
402 3411 524 3475 spatium
538 3407 579 3474 pl.
598 3406 651 3461 tut.
669 3406 697 3460 P
709 3407 719 3474 ῃ
731 3405 847 3458 hurusoe
869 3401 894 3454 V
939 3440 945 3453 .

133 3500 211 3551 vngu
225 3500 261 3542 ed.
274 3501 383 3542 Husmer.
884 3492 905 3538 lo
