2436 3840
418 199 453 256 V.
480 199 529 254 DE
547 197 761 254 PARTIOIPIO.
830 199 832 201 ’
1037 199 1098 266 165

165 352 285 418 Uerum
314 353 341 417 si
369 352 440 436 quis
461 350 555 415 nobis
578 350 758 415 dicentibus
780 351 984 434 participium
1008 353 1099 420 uerbi

80 440 176 503 actiui
204 438 358 520 temporis
385 436 557 521 praeteriti·
577 435 695 499 habere
718 437 957 519 conparationis
979 440 1098 521 gradus

81 524 207 588 obicere
230 522 382 601 uoluerit,
406 543 443 586 ao
465 521 571 585 dicere
592 519 674 603 quod
693 521 819 603 quoties
834 520 914 585 haec
928 522 1099 606 participia

81 611 258 690 conparata
271 607 407 689 fuerint,
428 626 510 689 quae
530 604 617 669 infra
631 625 741 668 sumus
755 605 908 689 possituri
922 611 959 670 ut
973 609 1100 689 sopiens

81 711 213 774 amares,
238 691 313 775 quia
334 690 413 755 haee
427 692 488 755 rite
504 693 737 774 conparantur,
760 693 892 754 nomina
906 692 1013 774 potius
1028 713 1099 775 par·
1125 714 1137 754 s

80 777 266 860 ticipiorum
288 775 406 840 similia
428 775 568 840 debeant
589 775 767 859 aestimari,
789 796 855 839 non
878 776 958 840 mihi
972 776 1101 841 uidetur

81 863 260 958 arguendus
293 864 349 925 aut
376 861 474 959 etiam
501 859 741 957 improbantus.
791 881 852 956 nos
877 882 1003 958 quoque
1031 862 1100 946 ipse

80 945 562 1114 ttirtpitiilsllisqlllut
581 946 1100 1114 {stlttltzlt‘lttlut

81 1117 116 1180 in
145 1116 207 1180 hoe
234 1115 418 1180 Maeuius
446 1114 497 1178 uir
524 1114 559 1177 in
589 1114 785 1178 carminibus
814 1113 1031 1196 dulcissimus,
1063 1117 1139 1180 dero

82 1223 145 1285 quo
168 1200 246 1264 illud
270 1203 478 1282 praesentum
501 1200 566 1261 estt
589 1200 645 1279 qcc'
663 1198 780 1278 sacam
801 1199 901 1263 meltis
922 1219 987 1264 noa
1002 1207 1100 1282 amat,

82 1288 148 1351 odit
168 1291 225 1351 tac
245 1286 406 1362 carmina,
430 1282 555 1348 Maeci.
593 1283 647 1347 hic
662 1282 956 1367 eloquentissimum
973 1305 1102 1349 carmen

82 1372 116 1434 in
140 1373 212 1434 octo
234 1372 343 1453 partes
365 1367 519 1432 orationis
542 1366 656 1449 edidit,
679 1368 714 1431 in
736 1388 799 1451 quo
821 1366 901 1433 haec
916 1370 976 1433 ait:
998 1372 1102 1452 pcrti-

82 1457 201 1538 eipr'cm
226 1455 350 1536 pencris
376 1453 478 1518 omnis
506 1472 596 1517 omae
624 1457 687 1518 tam
714 1473 752 1516 ec
773 1453 867 1518 certo
889 1474 986 1532 ccam
1008 1456 1103 1520 etiam

83 1561 121 1605 ec
147 1541 273 1604 nomiae
301 1539 555 1621 comparativam
576 1538 795 1620 reetoprodcm
816 1539 917 1604 trahit
936 1541 1023 1604 iure:
1050 1540 1141 1605 scria

83 1630 112 1689 et
138 1625 369 1706 superlaticcm
395 1623 498 1687 eodem
524 1626 660 1703 receptat
686 1642 780 1689 more.
818 1624 854 1686 in
879 1645 941 1707 quo
963 1625 1105 1688 ostendit

85 1729 181 1772 omne
203 1728 307 1790 genus
328 1727 394 1769 non
416 1706 520 1769 solum
536 1705 771 1788 appellatorum
786 1708 969 1787 nominum,
992 1730 1102 1772 uerum
1137 1732 1145 1750 ·

85 1793 181 1856 etiam
203 1791 374 1854 uerborum
396 1789 459 1853 hiis
480 1789 654 1873 praedietis
677 1789 830 1873 gradibus
852 1793 1028 1874 conparari.

171 1875 256 1940 Sunt
277 1875 373 1939 etiam
396 1873 582 1957 participia,
606 1893 742 1957 quorum
764 1873 862 1938 uerba
876 1895 942 1938 non
957 1880 1025 1939 tam
1040 1876 1104 1940 usi-

84 1965 152 2026 tata
176 1963 265 2040 sunt,
295 1963 327 2024 et
348 1959 420 2023 ideo
443 1961 605 2043 negantur
626 1957 695 2021 fieri
718 1958 904 2042 participia,
934 1960 989 2023 sed
1012 1961 1103 2025 aesti·
1117 1985 1143 2024 ao

84 2048 214 2111 mantur
241 2045 374 2110 nomina
402 2064 471 2108 esse
497 2042 743 2127 participiorum
771 2043 889 2107 similia
913 2048 951 2107 ut
972 2049 1103 2127 teactae,

85 2133 257 2211 tunicatos,
280 2132 443 2207 mitratus,
467 2129 633 2210 calciatus,
654 2128 832 2212 placitatur,
855 2129 1015 2208 testatas,
1038 2149 1105 2195 sca

85 2221 178 2281 tatas.
221 2216 306 2299 quod
340 2214 368 2278 si
399 2215 446 2278 ita
473 2216 538 2296 est,
571 2213 746 2278 secundum
773 2212 857 2278 hano
884 2215 1043 2279 rationem
1073 2219 1106 2279 et

86 2300 166 2362 haec
193 2299 240 2362 ita
269 2319 337 2362 esse
370 2297 512 2362 dicamus
537 2300 925 2379 praeamaraaesttas,
955 2301 1105 2379 amictus;

87 2403 222 2466 quorum
238 2385 350 2446 tamen
364 2381 464 2444 uerba
486 2381 574 2445 omni
594 2380 718 2465 legenti
734 2383 938 2464 paratissimo
957 2385 1104 2468 frequen·
1119 2406 1144 2448 a

84 2467 275 2549 tissimoque
297 2467 470 2548 suppetant
491 2484 579 2527 assu.
614 2467 647 2528 et
668 2465 826 2548 quomodo
848 2466 928 2530 illud
949 2469 1105 2532 Aeneae

85 2550 211 2616 stabit?
240 2551 355 2615 milites
375 2548 411 2612 in
434 2548 483 2612 uit
505 2549 699 2614 tcaiocctcr.
739 2551 772 2612 et
793 2549 924 2627 iterum,
947 2553 1019 2632 qais
1037 2553 1106 2635 pla·

87 2636 230 2702 citabitur
262 2637 299 2700 ia
332 2569 433 2700 beno}
472 2631 665 2697 Horatius
700 2653 826 2716 quoque
857 2654 973 2717 meyero
1000 2636 1108 2719 inquit

86 2724 206 2804 impeta
225 2720 309 2800 facto
331 2719 541 2785 tastuceraat
560 2737 593 2782 se
605 2736 711 2783 omnes
725 2722 755 2783 ct
768 2719 985 2785 colciacercat
998 2725 1028 2786 et
1040 2740 1107 2786 scc-

88 2811 188 2872 tactes
215 2825 247 2871 se
273 2806 454 2869 inruerant.
491 2801 580 2866 uides
608 2823 680 2867 ecce
706 2803 865 2886 quomodo
892 2803 972 2870 haec
1000 2805 1107 2870 actiua
1120 2830 1146 2870 so

87 2891 186 2954 uerba
219 2889 445 2971 inueniuntur,
480 2890 512 2952 et
543 2909 611 2952 non
644 2887 740 2952 modo
771 2889 878 2952 actiua
909 2890 1106 2974 simpliciter,

87 2996 199 3039 uerum
228 2976 261 3037 et
287 2972 472 3057 tripliciter:
507 2972 677 3037 manifesta
707 2972 794 3036 enim
824 2974 968 3039 ostendit
996 2996 1107 3040 sensus

106 3260 112 3270 ,
157 3200 172 3246 3
191 3207 224 3245 ac
248 3191 284 3243 aa
295 3190 349 3259 Nn
359 3197 378 3269 :²
395 3190 481 3244 imfra
497 3189 578 3268 Nnc
595 3190 650 3262 raa
666 3189 719 3259 Νι]
733 3156 989 3270 stammana
1002 3197 1018 3246 e
1030 3191 1108 3245 uerr-

89 3276 177 3313 c1mus
236 3261 246 3328 ΙΙ
260 3265 292 3314 10
310 3258 400 3312 Morus
417 3257 460 3312 cel
476 3258 565 3311 Merra
584 3260 640 3326 (me
658 3259 738 3327 corr.)
756 3258 791 3312 N
804 3260 813 3328 ΙΙ
826 3258 994 3313 dulcrssrmrs
1010 3258 1045 3313 N
1053 3261 1063 3328 ll
1078 3265 1110 3314 14

89 3376 141 3414 aex
158 3361 192 3437 N
200 3361 217 3482 lp
224 3366 256 3414 22
268 3345 407 3414 instratus
419 3359 452 3412 N
461 3359 472 3426 ΙΙ
485 3359 591 3436 astatus
604 3374 638 3412 ac
650 3360 758 3413 astutus
769 3359 804 3438 N
812 3361 823 3428 11
835 3367 868 3414 23
880 3328 980 3413 111hane
1001 3359 1036 3413 N
1049 3361 1053 3429 Ι
1076 3365 1110 3414 24

88 3427 320 3564 {iaffiffefflglill
332 3433 365 3482 25
383 3429 582 3496 parant1ss1mo
599 3426 632 3480 N
642 3429 698 3495 1126
716 3429 863 3497 supprtant
874 3428 909 3481 N
917 3428 927 3495 ΙΙ
940 3430 970 3481 et
983 3429 1038 3496 quo
1095 3427 1110 3495 ll
