2436 3840
418 145 451 201 V.
480 145 764 201 DEPARTICIPIO.
1044 147 1104 212 163

85 300 174 363 nitur
181 349 189 381 ,
220 348 259 368 ‚.
285 348 322 365 ..
353 298 490 382 propriis
523 298 696 383 generibus
729 298 946 382 proferuntur.
991 299 1104 364 dicunt

85 384 214 468 quidam
237 383 391 467 quaedam
413 382 584 466 participia
606 405 626 446 a
645 383 751 447 uerbis
766 386 799 447 et
812 383 996 447 nominibus
1012 385 1103 467 quasi

85 469 221 553 quodam
250 467 401 552 coniugio
430 467 602 550 procreari.
638 467 724 531 unde
747 470 779 531 et
801 467 937 532 eundem
959 469 1102 533 nomina

83 553 187 617 tiuum
213 551 336 616 habent
363 572 481 616 nomen
508 553 631 636 primae
663 551 836 635 positionis
868 554 965 636 atque
996 552 1102 635 ipsum

84 636 306 721 participium,
343 640 380 700 ut
415 656 543 719 seusus,
578 655 720 721 pressas,
756 656 884 719 casas,
921 637 1141 715 intellectuat

84 727 246 804 quaestus,
275 721 390 802 cabaa,
421 722 571 805 planctus
598 725 631 785 et
659 730 773 790 cetera.
813 742 890 785 nam
917 720 978 786 hoo
1005 721 1104 804 parti-

85 807 205 890 cipium
231 825 339 872 sensus
366 826 405 869 ex
432 806 532 870 uerbo
559 806 688 889 passiuo
716 807 777 870 rite
804 806 988 888 assumitur,
1018 806 1103 890 quod

85 896 135 955 est
166 892 300 956 sentior:
333 891 379 954 sic
413 891 498 955 enim
531 891 706 974 praeterito
738 893 884 974 tempore
916 890 1101 968 declinatur,

84 994 193 1040 sensas
217 994 304 1054 som,
337 994 446 1040 scasas
473 995 519 1059 es,
551 995 662 1041 scasas
688 980 740 1041 est.
779 978 829 1039 est
857 976 955 1039 etiarn
983 996 1103 1040 nomen

85 1060 168 1143 quod
195 1060 241 1123 sic
269 1059 449 1124 declinatur
475 1079 599 1139 sensata,
630 1062 746 1126 sensui.
783 1063 1005 1125 uerumtamen
1028 1061 1103 1144 quia
1117 1076 1142 1116 10

85 1143 145 1209 hoo
166 1165 285 1208 nomen
307 1164 416 1210 scasas
438 1166 476 1208 ex
498 1146 598 1209 uerbo
620 1145 779 1222 nascitur,
803 1144 874 1209 ideo
920 1145 1103 1229 artioipium

84 1249 151 1292 non
174 1250 213 1293 ex
234 1227 296 1292 hoc
317 1229 448 1292 nomine
471 1229 526 1293 sed
544 1251 582 1293 ex
596 1229 695 1293 uerbo
709 1230 820 1293 uenire
835 1167 1028 1294 credendum
1044 1232 1101 1296 est.

170 1312 232 1378 Sed
265 1312 300 1376 in
333 1313 547 1378 declinatione
585 1314 762 1379 similitudo
794 1314 990 1398 disparatur,
1027 1335 1104 1378 narn

84 1397 225 1461 nominis
248 1396 418 1462 declinatio
440 1397 519 1463 haec
541 1402 604 1463 est:
633 1418 757 1477 seusus,
787 1419 913 1479 sensam
939 1399 1102 1483 participii

85 1486 193 1547 autem
220 1501 341 1565 cassus,
368 1484 466 1566 sensi,
488 1503 577 1549 senso
606 1485 638 1548 et
666 1486 780 1552 cetera.
816 1503 928 1549 uersas
954 1486 1062 1548 autem
1084 1499 1141 1547 a1⁵

83 1568 198 1651 quibus
220 1567 255 1630 in
277 1568 409 1632 nomine
430 1589 498 1632 non
520 1569 673 1652 recipitur
694 1569 883 1654 principali,
908 1569 962 1632 sed
983 1570 1018 1632 in
1032 1589 1103 1652 par-

82 1652 210 1734 ticipio:
233 1652 279 1715 ibi
303 1655 409 1716 autem
431 1672 557 1718 uersam
579 1653 739 1736 scribunt,
763 1653 838 1737 quia
859 1673 934 1719 cors
955 1652 1026 1736 ipsa
1047 1674 1102 1736 pa·

83 1735 162 1818 gina
184 1734 301 1798 dicitur
323 1735 482 1800 Lucano
506 1736 649 1800 dicente:
672 1739 815 1803 cortibus
836 1739 966 1821 egebant
986 1738 1101 1803 maltis.

84 1818 166 1883 mihi
181 1822 289 1882 autem
299 1818 428 1882 uidetur
443 1823 475 1883 et
488 1839 600 1886 casas
615 1821 754 1905 paginae
770 1822 868 1885 etiam
883 1822 1021 1906 scriptus
1036 1843 1102 1886 non

85 1924 154 1968 esse
176 1902 409 1985 antiquandas,
433 1903 508 1986 quia
529 1925 601 1968 cum
623 1904 776 1988 paginam
793 1907 937 1971 scribens
952 1907 993 1971 ab
1008 1907 1102 1970 initio
1116 1923 1141 1964 co

81 2010 140 2071 per
161 1988 297 2070 longum
319 1987 439 2051 lineam
461 2009 561 2071 usque
584 1989 624 2052 ad
645 1989 824 2075 marginem
846 1991 961 2057 feceris
975 1995 1103 2075 perten-

83 2073 228 2156 dentem,
261 2093 394 2136 manum
426 2093 535 2136 rursus
568 2073 609 2137 ad
642 2078 739 2158 caput
773 2075 945 2161 discriptae
977 2080 1102 2141 uertere

81 2179 213 2223 neccsse
240 2156 384 2224 habebis.
423 2158 534 2222 eadem
557 2160 753 2224 consuetudo
777 2160 873 2225 etiarn
895 2161 930 2225 in
953 2161 1101 2244 legendo,

82 2242 153 2323 ipso
176 2262 302 2325 quoque
324 2242 397 2305 uisu
419 2242 583 2307 oculorum
605 2245 764 2310 seruanda
786 2249 991 2311 monstratur.
1030 2267 1102 2330 par·

81 2326 229 2408 ticipium
244 2327 423 2409 praesentis
437 2328 591 2411 temporis
607 2330 690 2394 sicut
704 2331 792 2394 omni
807 2331 928 2416 generi,
944 2331 991 2395 ita
1004 2331 1101 2395 etiam
1114 2348 1141 2389 a

83 2409 172 2473 omni
193 2430 351 2492 personae
373 2413 545 2476 conuenire
573 2413 766 2478 credendum
789 2419 847 2480 est.
884 2416 1009 2480 numeri
1031 2437 1102 2500 par·

82 2492 266 2577 ticipiorum
290 2499 322 2559 et
343 2495 464 2581 figurae
487 2518 525 2561 ex
547 2499 682 2580 utroque
703 2503 891 2562 nascuntur.

167 2575 288 2642 Uerum
310 2579 349 2644 de
369 2581 546 2664 participiis
561 2580 623 2645 ista
637 2580 783 2645 sufficere
798 2583 1014 2665 crederemus,
1038 2585 1102 2648 nisi

82 2663 156 2746 quia
184 2664 341 2746 quaedam
363 2666 507 2748 quaestio
530 2665 713 2730 doctoribus
735 2666 896 2749 imminet,
927 2669 965 2729 ut
980 2669 1101 2751 putent
1175 2733 1177 2736 .

81 2748 157 2831 quia
185 2748 293 2812 omnia
319 2750 490 2835 participia
517 2751 622 2816 omnis
648 2753 803 2835 temporis
831 2773 889 2835 pro
916 2751 1023 2816 uerbis
1044 2774 1099 2835 po·
1113 2775 1152 2817 ao·

79 2833 202 2916 nenda,
232 2834 316 2899 siout
338 2833 476 2899 Ossius
505 2838 538 2899 et
558 2835 789 2900 Pcrriohius
823 2839 856 2901 et
885 2835 1100 2901 Galbarius

82 2921 113 2981 et
140 2918 238 2981 ceteri
260 2918 447 2984 Latinorum
474 2925 695 3004 praesumunt.
732 2943 808 2985 nam
832 2920 1042 2987 Galbarius
1064 2923 1099 2986 in
1168 2937 1171 2944 ’

82 3001 218 3084 quodam
233 3002 396 3068 uolumine
411 3004 573 3089 inmenso,
590 3005 675 3089 quod
691 3005 729 3070 dc
745 3007 985 3072 commentariis
1001 3008 1100 3072 creati

80 3086 179 3150 seculi
212 3085 411 3166 condiderat,
443 3088 644 3154 habundanti
678 3090 807 3174 quidem
840 3093 895 3156 scd
928 3092 1098 3175 eloquenti,

81 3171 190 3235 omnia
218 3191 300 3252 pene
322 3172 491 3256 participia
512 3196 571 3258 pro
594 3175 701 3239 uerbis
725 3179 914 3260 sumpserat.
951 3178 988 3241 ia
1004 3178 1097 3259 prbr
1111 3205 1136 3245 aa

149 3374 297 3428 trionibus
311 3373 345 3428 N
359 3375 369 3442 ΙΙ
388 3331 419 3427 12Ι
430 3373 484 3428 hoc
496 3389 516 3429 a.
529 3375 547 3430 l.
557 3375 591 3430 N
600 3378 610 3447 ll
624 3383 655 3432 16
665 3379 833 3501 qpibusdam
842 3378 932 3501 Maqp
941 3380 1098 3502 {grperhtppi-

82 3441 195 3495 dentem
210 3441 244 3496 N
253 3443 308 3510 1126
323 3458 405 3497 omna
418 3441 453 3497 N
461 3442 471 3510 ΙΙ
484 3447 517 3498 30
531 3446 655 3512 ponendi
712 3447 721 3515 ll
735 3452 767 3500 34
781 3446 884 3500 elocuti

845 3531 895 3582 n*
