2436 3840
122 159 182 223 112
347 156 501 212 VIRGILII
518 157 684 212 MARONIS
702 157 912 214 EPISTOLAE.

120 315 284 379 laetamen.
331 312 385 374 sed
420 312 575 394 quaedam
608 333 716 376 eorum
750 311 975 377 discretionem
1005 312 1139 397 habent,

120 398 275 481 quaedam
299 416 376 459 uero
398 399 530 479 propter
552 395 655 460 solam
677 396 898 462 incentionem
913 397 1010 462 scribi
1026 397 1140 463 dicun·

119 491 185 566 tur3
220 480 304 565 quod
337 486 447 544 tamen
481 503 499 543 a
527 480 686 564 plerisque
715 481 879 546 doctorum
906 482 976 546 fieri
1005 485 1139 549 omnino

118 587 212 650 posse
234 568 386 649 negatur,
410 563 649 629 adfirmantium
664 566 788 629 nullum
803 568 932 650 penitus
947 589 1067 632 nomen
1083 573 1139 633 aut

93 652 252 716 suerbum
281 655 336 714 aut
364 649 504 733 aliquam
533 649 690 715 orationis
725 655 850 734 partem
883 652 981 715 immo
1016 652 1138 718 nullam

117 757 201 819 pene
230 735 386 819 syllabam
414 739 470 798 aut
499 734 623 798 literam
652 734 749 798 scribi
771 757 838 800 non
860 736 986 801 ratione
1008 737 1136 821 plenam

117 821 171 885 uel
193 821 330 904 quadam
352 819 401 882 sui
423 819 618 902 proprietate
640 821 792 902 potuisse.
830 842 888 885 nos
911 822 1048 905 denique
1063 843 1135 886 cum

118 905 254 969 dicimus
277 905 430 970 laetitiam
457 903 689 968 iocunditatem
712 905 811 969 animi
834 906 1052 990 significamus
1073 911 1135 972 sta·

117 990 216 1055 bilem
239 993 272 1053 et
293 988 528 1072 quodammodo
551 1009 742 1072 perennem,
774 993 806 1054 et
828 991 975 1056 laetitiam
1003 992 1031 1056 si
1053 991 1136 1056 diea-

82 1099 106 1139 ιο
119 1096 205 1157 mus,
235 1073 373 1138 subitam
403 1094 470 1137 esse
498 1072 733 1157 intellegimus,
764 1077 795 1138 et
817 1076 973 1142 laetamen
999 1078 1138 1159 gratiam

119 1160 282 1224 cuiusdam
305 1158 432 1222 additae
455 1157 681 1242 gratulationis
703 1159 889 1224 indicamus.

202 1243 264 1308 Est
286 1243 382 1307 etiam
404 1263 521 1325 uesper,
545 1263 680 1326 uespere,
703 1264 877 1328 uesperam,
899 1264 1039 1327 uespera.
1083 1244 1138 1308 hic

119 1351 227 1394 cassus
241 1327 463 1393 nominatiuus
479 1327 678 1410 quadruplex
694 1331 757 1411 est3
778 1330 868 1392 cuius
884 1328 1061 1392 deferentia
1075 1328 1138 1394 hoc

119 1417 196 1493 erit,
219 1412 304 1497 quod
325 1432 434 1492 uesper
457 1412 585 1495 quidem
608 1412 724 1476 dicitur
738 1414 1000 1496 quotiescumque
1016 1413 1063 1477 sol
1079 1435 1138 1477 nu-

72 1500 212 1563 ·rsbibus
235 1503 291 1562 aut
314 1497 391 1560 luna
411 1495 630 1580 ferruginibus
653 1516 852 1579 quacumque
876 1495 939 1559 diei
959 1500 1016 1560 aut
1030 1498 1137 1560 noctis

118 1583 198 1647 hora
231 1585 416 1665 obtegatur,
452 1581 577 1664 etfhoc
609 1585 758 1645 neutrum
791 1583 828 1644 ut
857 1599 966 1663 uesper
997 1583 1137 1662 aceperis

117 1688 227 1749 cespes
248 1687 381 1749 uespere.
419 1669 452 1729 at
473 1666 674 1730 nominatiuo
695 1684 820 1748 uespere
841 1668 973 1730 uocatur
995 1666 1034 1729 ab
1055 1666 1137 1730 hora

117 1773 205 1816 nona
233 1752 298 1816 sole
326 1751 497 1815 discessum
519 1750 708 1833 incohante3
737 1749 793 1814 sed
815 1749 877 1815 hoc
898 1771 1018 1815 nomen
1040 1750 1137 1815 decli-

118 1838 286 1901 nationem
307 1835 430 1900 nullam
452 1836 559 1900 habet.
596 1855 760 1918 caperem
781 1838 889 1900 autem
912 1839 961 1900 est
983 1857 1054 1900 cum
1070 1836 1137 1900 sole

79 1940 105 1980 ao
119 1922 283 1986 occidente
312 1921 380 1985 dies
410 1921 529 2002 deficit,
561 1921 662 1985 etsie
685 1920 863 1985 declinatur
884 1941 1049 2003 weram
1070 1941 1137 1986 ues-

116 2009 186 2091 peri
207 2026 336 2089 despero
357 2026 520 2088 uesperum
541 2025 679 2086 uespere.
716 2025 848 2088 uespera
871 2008 934 2088 est,
960 2026 1032 2069 eum
1055 2005 1136 2068 lucis

118 2093 242 2156 oriente
272 2111 388 2154 aurora
415 2111 481 2154 nox
505 2090 651 2154 finiatur:
681 2091 814 2153 etenim·
830 2089 913 2154 sicut
940 2089 1007 2152 dies
1030 2089 1135 2153 noctis

118 2198 266 2240 successu
293 2195 471 2256 uesperum,
507 2174 553 2238 sic
582 2178 614 2238 et
642 2194 707 2238 nox
736 2173 799 2238 diei
827 2177 940 2238 exortu
968 2194 1135 2256 uesperam

118 2262 230 2341 habet,
268 2261 300 2323 et
334 2260 381 2323 sic
415 2258 595 2323 declinatur
628 2280 760 2342 uespera
792 2277 941 2340 aespcrac
970 2278 1136 2340 uesperam

119 2381 321 2390 ——u-—

188 2451 227 2497 12.
248 2444 357 2515 Queat.
369 2459 482 2513 yramm.
496 2442 553 2497 cod.
565 2445 652 2501 Beru.
664 2447 718 2498 123
725 2461 754 2513 p.
767 2447 832 2505 178.
850 2446 887 2498 24
898 2443 1014 2512 (Aaccd.
1030 2443 1134 2510 Helo.):

117 2512 254 2581 Virgilius
278 2510 372 2566 omnia
393 2513 463 2565 haec
481 2511 656 2566 demonstrat
673 2512 783 2565 dicens:
813 2511 864 2565 Est
880 2511 966 2566 etiam
985 2526 1085 2580 vesper
1105 2540 1136 2550 -

119 2597 237 2648 vespera
258 2595 414 2700 vesperum1
430 2578 476 2633 hic
498 2596 565 2634 vero
589 2611 621 2620 —
644 2578 805 2657 differentia
825 2579 896 2700 hapc
918 2580 1081 2700 ‘ivm
1104 2609 1136 2617 -

118 2649 463 2770 lzrtltrtsaad
480 2664 580 2792 {lla
597 2649 1137 2792 azzltalnaaffflaaalra

119 2785 187 2836 dum
205 2814 237 2823 —
256 2799 373 2851 vespero
391 2785 422 2836 et
438 2782 555 2851 reliqua.
584 2797 704 2851 vespera
722 2783 816 2835 est-
833 2781 930 2834 finitur
947 2785 976 2834 et
993 2799 1033 2837 src
1051 2781 1135 2835 dach·

118 2855 201 2904 natur
218 2867 337 2918 vespera
354 2866 490 2918 vesperae
510 2865 644 2918 vesperae
663 2847 828 2916 etreliqua.
863 2848 908 2903 hic
926 2848 1000 2904 Neue
1022 2849 1137 2919 Vecilio

118 2917 227 2972 cestriae
245 2918 342 2971 omisso
360 2918 461 2988 iacitur
478 2919 510 2972 ia
523 2919 618 2985 prima
630 2916 689 2972 cod.
701 2915 787 2970 Bora.
801 2919 857 2971 286
864 2917 973 2987 papiae
984 2933 1005 2972 s.
1019 2917 1051 2970 X
1062 2922 1136 2985 (teste

117 2985 261 3054 Hayeaclz
289 2985 432 3054 obtegitur
452 3017 482 3025 -
501 3002 565 3040 cum
583 2985 641 3039 sole
659 3013 692 3024 -
710 2999 812 3038 aurora
833 2987 1008 3039 monstratur
1030 2985 1136 3039 etenim

119 3053 192 3107 sicut
209 3051 269 3106 dies
287 3068 444 3106 successum
463 3054 554 3108 noctis
572 3068 720 3122 vesperum
738 3052 826 3106 habet
843 3051 883 3106 sic
895 3082 927 3091 -
939 3051 1026 3107 habet
1045 3055 1074 3106 et
1092 3056 1135 3105 est

118 3121 227 3190 primae
246 3118 439 3174 declinationis
457 3127 506 3176 etc.

186 3296 202 3344 6
220 3289 341 3357 rattionc
360 3287 394 3341 N
409 3289 418 3356 ΙΙ
436 3295 452 3342 9
469 3305 594 3358 perenne
612 3288 647 3342 N
660 3304 729 3343 corr.
747 3289 811 3343 Mei
823 3289 833 3356 ΙΙ
847 3293 877 3341 11
897 3288 994 3343 addite
1012 3288 1136 3359 gratula-

117 3359 225 3413 tionem
242 3358 276 3412 N
289 3373 357 3412 corr.
370 3356 456 3426 Malu
472 3363 501 3410 12
520 3359 639 3425 vespera
655 3356 690 3411 N
697 3360 707 3427 ss
722 3364 752 3413 16
771 3356 922 3425 obtegatur
940 3359 968 3424 (a
979 3361 1060 3424 corr.)
1079 3355 1114 3411 N
1121 3357 1134 3425 ll

120 3466 151 3514 18
170 3458 328 3530 discessisss
344 3427 505 3514 inchoante
523 3459 553 3527 (h
571 3459 650 3526 cras.)
668 3457 703 3513 N
710 3461 720 3527 ΙΙ
735 3464 765 3513 19
784 3457 828 3513 rol
844 3455 879 3512 N
887 3459 897 3526 ΙΙ
910 3462 942 3510 23
961 3459 1057 3512 exorto
1075 3457 1114 3514 N.
