2436 3840
154 168 214 232 160
378 162 532 218 Vitiorum
549 160 714 216 MARONIS
732 160 941 219 EPISTOLAE.

151 318 282 383 adiectis
303 316 489 381 nominibus
510 314 648 379 ueniunt
670 316 706 378 ut
727 315 894 391 coelestim,
915 315 1040 396 furtim.
1077 338 1173 400 quae-

151 403 223 467 dam
256 423 333 466 uero
365 423 405 465 ex
437 398 627 484 possessiuis
654 398 899 482 pronominibus
926 403 1109 466 nascuntur
1139 407 1175 466 ut

149 489 292 566 meatim,
314 487 493 551 nostratim.
529 483 686 567 quaedam
708 484 805 547 etiam
828 504 869 548 ex
884 484 1065 568 participiis
1081 487 1174 551 uerbi

149 572 271 654 passini
286 572 322 634 ut
336 571 485 650 strictim,
507 569 709 652 stnptllutim:
730 588 805 632 nam
821 569 947 651 singilio
961 569 1038 634 trite
1053 569 1175 655 legitur

124 659 240 721 eiuxte
261 653 341 719 illud
356 653 515 718 Domini
538 653 793 736 eloquentissimi
815 656 847 716 et
867 653 1097 719 modestissimi
1112 656 1175 720 uiri

151 740 303 805 dicentis:
325 759 390 804 uon
411 743 457 804 est
477 738 641 803 mediocris
661 738 713 802 uel
724 737 831 818 facilis
844 738 961 820 nepotii
975 739 1094 804 benum
1109 742 1171 805 sire

149 826 263 909 pitture
291 845 313 889 a
341 824 435 888 mulo.
478 821 626 886 nonnulli
655 822 753 886 etiam
782 843 821 885 ex
847 823 958 905 primis
986 824 1175 890 nominibus

151 909 261 973 uenire
276 908 427 972 aduerbie
442 907 646 990 suspicantur
667 910 704 970 ut
711 907 851 989 purtim,
867 906 952 990 quod
965 906 1009 970 sit
1024 929 1066 972 ex
1079 913 1175 993 porte

152 993 287 1072 dictum,
311 996 343 1056 et
364 993 554 1058 uoluntatim
576 1013 615 1054 ex
636 990 814 1055 uoluntate.

114 1094 138 1133 10
237 1076 321 1153 Quid
342 1077 452 1141 nunc?
486 1076 562 1159 quia
588 1077 627 1139 de
656 1075 816 1139 aduerbiis
838 1074 955 1140 alicubi
978 1074 1100 1141 dixisse
1124 1100 1174 1142 me

151 1162 308 1244 arbitror,
331 1180 433 1226 sermo
454 1159 648 1225 breuiandus
668 1162 731 1242 est3
756 1163 832 1224 ente
854 1160 945 1224 ouius
966 1159 1065 1225 fiuem
1094 1162 1175 1228 illud

151 1246 231 1311 mihi
248 1246 404 1311 Aeneae
426 1244 668 1309 memorandum
691 1249 755 1328 est,
778 1244 862 1327 quod
884 1264 958 1308 cnm
972 1244 1174 1332 interrogas·

152 1353 219 1395 sem
241 1352 331 1411 eum,
354 1335 505 1395 utrumne
528 1329 682 1394 aduerbia
704 1328 845 1412 conponi
866 1329 1008 1413 possint,
1033 1332 1123 1397 sicut
1144 1335 1175 1396 et

152 1421 275 1480 ceterae
302 1415 458 1479 orationis
504 1417 604 1496 artes,
633 1415 680 1478 ite
701 1413 781 1478 mihi
802 1413 983 1495 respondit:
1022 1415 1103 1498 quid
1125 1438 1174 1481 me

115 1520 139 1561 re
153 1501 334 1582 interroges
356 1499 389 1563 id
412 1437 502 1582 quod
517 1499 629 1562 tritum
645 1498 716 1562 est?
746 1519 823 1562 nam
837 1498 991 1563 aduerbie
1005 1499 1086 1565 dues
1103 1522 1175 1566 con·

152 1584 347 1667 positionum
383 1582 512 1666 regulos
548 1581 687 1665 habent;
724 1583 844 1665 prime,
882 1603 963 1666 quae
996 1586 1176 1650 secundum

152 1671 277 1751 purtem
306 1689 344 1730 cx
366 1688 429 1752 qua
448 1667 558 1731 ueniet
579 1666 780 1751 intellegitur
802 1670 839 1733 ut
860 1669 959 1733 edocte
980 1669 1106 1737 indocte
1127 1672 1176 1737 in·

152 1754 301 1836 socessor
329 1754 432 1835 inepte
457 1753 619 1836 reprobate
647 1771 798 1835 appense:
832 1753 987 1833 secunda,
1023 1774 1111 1837 quae
1143 1755 1177 1819 in

154 1839 315 1902 aduerbiis
337 1837 493 1902 localibus
516 1838 718 1902 subiunctiue
733 1839 887 1919 ponatur3
911 1837 1000 1901 cuius
1016 1837 1064 1902 rei
1081 1861 1177 1904 cause

116 1943 141 1982 so
155 1924 232 2005 erit,
262 1944 334 1987 cum
362 1923 450 1986 aliud
477 1922 577 1986 locale
606 1920 793 1986 aduerbium
820 1921 855 1984 in
878 1942 1079 2006 quacumque
1103 1924 1178 1989 scri·

153 2008 265 2091 ptione
287 2006 505 2091 praecesserit.
543 2008 622 2070 tunc
644 2005 726 2071 dicis
748 2006 877 2089 ibidem,
902 2006 985 2070 sicut
1007 2007 1109 2072 etiem
1124 2009 1179 2074 hic

154 2113 223 2156 mos
238 2093 274 2155 in
288 2090 531 2174 pronominibus
547 2090 712 2173 sepissime
727 2091 906 2174 inuenitur,
928 2090 1057 2175 quando
1074 2093 1178 2159 ouius·

154 2175 234 2240 libet
254 2196 394 2258 persona
416 2177 491 2238 ante
513 2174 639 2258 prolata
660 2194 806 2240 sermone
821 2179 1034 2259 prosequente
1049 2176 1180 2245 dicetur

155 2260 237 2325 idem
264 2259 318 2323 uel
345 2259 463 2324 eudem.
500 2262 550 2323 est
571 2261 668 2323 etiam
691 2259 876 2324 aduerbium
905 2260 1041 2325 abletiui
1067 2284 1180 2330 cessus

117 2359 142 2398 2⁵
156 2341 387 2425 pronominalis
410 2343 514 2407 simile
536 2343 664 2410 utillo:
686 2365 762 2408 nem
784 2365 858 2428 sepe
880 2345 1015 2410 dicimus
1037 2347 1097 2413 tuo
1113 2351 1179 2415 ext

155 2429 271 2507 bimus,
304 2426 367 2492 hoc
399 2433 451 2492 est
477 2429 561 2494 illuc.
604 2428 649 2494 sic
678 2432 711 2493 et
737 2449 812 2511 quo,
847 2450 921 2494 cum
949 2429 1088 2496 dicimus
1117 2453 1182 2516 quo

154 2513 287 2578 cudunt.
326 2511 381 2577 sed
402 2512 481 2577 haee
503 2514 656 2578 eduerbic
676 2513 809 2578 mobilia
830 2535 955 2598 semper
976 2519 1065 2580 sunt.
1104 2519 1183 2600 quia

155 2601 261 2663 eutem
277 2597 340 2662 hiis
355 2598 450 2662 dictis
464 2619 562 2682 supre
575 2601 772 2663 memoratus
787 2599 944 2663 Aeneas
959 2621 1053 2664 suum
1068 2600 1184 2668 finiuit

156 2704 349 2763 sermonem,
379 2682 458 2747 mihi
488 2704 614 2767 quoque
644 2684 729 2748 hano
751 2683 918 2766 epistolem
942 2684 1102 2751 scribenti
1125 2687 1183 2752 hic

117 2783 142 2824 ³0
154 2768 311 2831 terminus
333 2768 499 2850 ponendus
522 2773 580 2832 est.

225 3008 238 3054 1
258 3001 387 3072 adiectis]
408 3020 442 3056 ex
460 3003 526 3059 add.
544 3003 609 3057 Mai
621 3005 630 3071 ΙΙ
643 3003 739 3058 fortim
757 3006 836 3124 Npt
855 3007 887 3057 ut
910 3005 946 3058 ad
959 3003 994 3057 N
1002 3002 1074 3063 cort.
1088 3007 1160 3063 Mas·
1170 3009 1183 3077 ΙΙ

157 3075 172 3123 5
191 3068 238 3122 diri
257 3068 299 3136 N,
318 3069 422 3124 Donati
440 3071 509 3128 coni.
520 3071 585 3124 Mai
597 3072 607 3139 ΙΙ
622 3077 651 3124 11
670 3071 786 3126 brevien
806 3089 839 3126 us
898 3075 908 3141 ΙΙ
923 3078 954 3128 13
971 3071 1062 3141 possit
1080 3074 1117 3129 N
1126 3077 1138 3145 l
1154 3083 1186 3131 14

158 3155 221 3221 quit
231 3153 265 3232 N
273 3155 282 3222 ΙΙ
297 3159 328 3208 17
347 3154 446 3225 edocte
459 3153 492 3207 N
492 3155 512 3275 pl
524 3161 556 3208 25
570 3155 733 3277 prominelis
744 3155 778 3209 N
786 3171 854 3215 corr.
868 3157 933 3210 Mai
942 3142 1029 3278 ΕΜ
1046 3173 1105 3225 quo
1127 3161 1165 3215 N
1170 3161 1183 3230 ΙΙ

158 3226 190 3274 ee
209 3221 359 3290 specuum
377 3221 429 3289 Νιι
441 3220 490 3274 nx
514 3221 569 3278 uio
585 3223 608 3276 r
626 3223 777 3288 ouium
795 3223 844 3278 on
862 3223 940 3278 nov
966 3215 1063 3279 nero.
