2436 3840
116 175 177 240 152
341 170 497 226 VIRGILII
514 170 679 226 MARONIS
696 170 906 226 EPISTOLAE.

116 326 200 390 dicto
226 345 321 389 uersu
349 324 447 389 habet
473 325 616 406 luctuque
643 329 764 408 apparat
790 327 827 390 in
853 325 1014 390 moenibus
1041 325 1139 406 farto.

116 410 260 476 ornatius
291 410 379 474 enim
407 412 439 473 et
466 409 623 472 firmatius
652 412 782 490 rentur,
811 409 838 472 si
866 410 1030 493 quandam
1060 431 1142 475 con·

114 492 949 643 lilorllllemrlllllalenrloilrhrligclllldspilstiisysseasllsasadfrleellamt·
970 495 1143 643 ilrmdliioil

88 601 253 748 asyllaball
292 684 386 746 quam
423 661 636 746 semigrauato
673 662 838 726 literarum
869 600 1003 728 nurlrero
1034 601 1138 728 linum

115 751 228 812 contra
250 749 401 831 quattuor
422 746 611 830 ponderare.
648 745 710 810 hac
737 748 775 810 de
799 768 894 816 causa
915 747 949 812 in
970 747 1138 830 plerisque

114 832 225 896 literae
253 832 458 915 duplicantur
485 834 713 909 consonantes,
748 835 783 896 ut
810 833 920 898 cellum
948 854 1007 916 pro
1038 831 1140 898 celum

115 923 148 982 et
161 917 268 981 callim
282 937 341 998 pro
356 912 452 980 uelim
468 918 500 978 et
515 915 601 980 ellim
616 936 674 998 pro
688 917 772 981 olim.
801 916 1004 981 inmutantur
1017 919 1139 994 autem,

115 1007 152 1074 ut
166 1001 319 1081 diximus,
342 1021 400 1084 per
414 999 637 1064 necessitatem
652 1001 984 1083 consuetudinariam,
1008 1021 1084 1064 oum
1101 1000 1139 1064 in

77 1104 102 1143 ιο
116 1107 176 1149 usu
199 1084 374 1148 habeamus
396 1084 533 1148 scribere
554 1104 666 1166 sperno
682 1089 715 1149 et
728 1105 837 1164 cerua·
860 1107 932 1150 cum
947 1085 1031 1169 apud
1047 1088 1141 1150 uete-

115 1191 165 1234 res
181 1167 344 1233 Romanae
360 1168 561 1251 eloquentiae
577 1169 732 1253 dootores,
752 1173 784 1233 et
799 1190 852 1234 eos
867 1173 1037 1254 praecipue
1052 1190 1139 1253 quos

115 1253 325 1339 probabilitas
347 1274 476 1317 suarum
499 1253 601 1317 claros
624 1254 707 1337 apud
731 1275 842 1318 omnes
861 1253 1001 1319 efficeret
1016 1253 1140 1318 doctri·

115 1359 245 1417 narum,
268 1358 357 1420 spero
381 1341 412 1401 et
434 1358 500 1403 cero
516 1338 595 1421 poni
614 1338 729 1402 debera
751 1359 894 1420 sensere,
917 1336 1101 1403 refutantes
1123 1360 1142 1402 r

116 1427 148 1487 et
169 1444 193 1487 u
214 1423 334 1505 absque
361 1422 457 1486 ullius
485 1422 608 1486 uocalis
635 1423 860 1487 interiectione
887 1423 983 1487 scribi
1035 1423 1141 1488 ariter

79 1523 104 1562 1⁵
117 1528 220 1590 posse.
260 1507 314 1569 sed
344 1505 419 1588 quia
445 1526 513 1571 cero
540 1510 573 1570 et
597 1526 686 1588 spero
715 1507 811 1570 alium
837 1507 957 1572 habent
984 1445 1142 1572 effectum

117 1599 207 1672 (nam
227 1610 317 1672 spero
339 1611 378 1653 ex
399 1609 453 1672 spe
473 1610 592 1653 nomen
612 1591 747 1688 accepit,
771 1595 804 1655 et
818 1613 886 1658 cero
901 1593 988 1655 hune
1004 1612 1141 1656 sensum

116 1675 215 1739 habet
243 1695 314 1739 eum
343 1673 413 1758 quis
441 1695 554 1739 acero
576 1675 745 1761 conponit)
773 1677 890 1740 ideirco
912 1696 936 1741 u
956 1678 1141 1740 necessarie

115 1760 225 1825 addita
247 1763 295 1824 est
318 1761 358 1824 ad
380 1760 572 1843 spretionem
597 1764 630 1824 et
651 1760 691 1824 ad
713 1764 832 1824 certam
854 1761 1021 1824 uisicnem.

202 1844 409 1909 Inmotantur
437 1845 535 1910 etiam
560 1866 618 1929 per
645 1866 758 1925 sonos,
792 1845 868 1927 quia
890 1846 952 1908 duo
974 1845 1142 1928 quaelibet

78 1931 215 1994 uuarba
243 1930 368 1994 hisdem
395 1929 497 1994 literis
532 1933 564 1993 et
593 1929 726 2014 syllabis
753 1929 952 2008 scribuntur,
984 1928 1038 1993 sed
1069 1951 1141 1995 non

119 2014 253 2079 eundem
279 2013 402 2078 habent
430 2014 579 2078 affectum
606 2018 643 2078 ut
670 2015 733 2097 leco
756 2015 837 2098 leyo;
865 2034 946 2096 quae
968 2015 1032 2077 nisi
1055 2035 1141 2080 sono

117 2099 255 2163 discreta
286 2097 423 2179 fuerint,
463 2097 699 2162 confusibiliter
733 2098 927 2183 diligentur,
964 2102 1142 2181 propterea

118 2185 182 2265 leuc
204 2204 243 2246 ax
265 2182 404 2246 lectione
425 2183 460 2244 in
483 2184 587 2264 prima
609 2181 734 2264 syllaba
748 2188 887 2252 acuetur.
924 2203 1001 2246 nam
1017 2183 1085 2265 layo
1102 2205 1143 2249 ex

117 2267 278 2350 legatione
300 2266 335 2328 in
357 2266 467 2329 eadem
486 2265 610 2348 syllaba
623 2267 821 2350 corripietur.
856 2270 1023 2332 motantur
1038 2267 1142 2332 etiam

79 2366 104 2405 ²⁵
117 2370 401 2499 tibitibi?
422 2371 608 2501 ttttt
626 2351 1144 2502 tllltltltbullttt

118 2519 267 2584 omnibus
290 2519 410 2584 clarum
433 2524 528 2603 atquo
550 2521 756 2604 propatulum
776 2524 835 2584 est.
870 2524 918 2585 est
933 2484 1031 2584 etianl
1046 2458 1143 2588 godo
1177 2553 1180 2557 ·

116 2605 196 2670 iuris
219 2604 360 2684 iurandi,
388 2605 479 2669 cuius
507 2606 653 2688 exempla
676 2605 767 2689 (quia
788 2604 917 2669 fortasis
941 2605 1013 2669 aliis
1035 2606 1144 2671 inusi-

118 2695 221 2755 tatum
257 2689 320 2775 est)
355 2690 563 2773 proferemus.
611 2689 809 2773 Virgilius
842 2690 996 2753 Troianae
1030 2692 1143 2755 scolae

81 2790 106 2830 ³0
120 2774 234 2839 doctor
262 2777 374 2838 eontra
395 2773 559 2839 Romanos
588 2774 730 2838 scribens
753 2795 870 2857 eosque
892 2774 1045 2838 falsitatis
1070 2797 1145 2840 esse

120 2878 274 2943 arguens,
298 2858 344 2922 ita
365 2859 486 2924 infinit:
510 2880 527 2925 0
549 2859 706 2938 Romani,
730 2878 787 2923 cur
807 2864 931 2924 uestrae
951 2860 1145 2926 inmemores

188 3058 350 3117 lmenibus
367 3059 419 3129 Nl
443 3065 591 3114 5n0mero
609 3058 644 3113 N
656 3061 666 3128 l
683 3065 698 3113 6
717 3075 750 3113 ac
767 3058 801 3113 N
813 3061 824 3128 ss
841 3065 856 3114 7
875 3060 1000 3114 litterate
1018 3059 1053 3113 N
1069 3075 1145 3120 corr.

118 3125 183 3181 Mai
199 3128 209 3196 ΙΙ
226 3126 347 3180 caellum
369 3127 402 3182 N
417 3129 421 3195 Ι
447 3133 478 3180 12
501 3128 592 3181 clarus
612 3127 647 3182 N
688 3126 814 3182 efficeret
835 3126 870 3180 N
873 3130 895 3193 ¹,
924 3129 969 3181 -at
989 3142 1060 3182 coer.
1081 3131 1092 3197 l
1111 3136 1147 3184 13

119 3209 232 3249 censere
251 3193 282 3248 N
302 3196 313 3262 l
335 3200 366 3248 16
385 3211 419 3248 ex
452 3194 530 3249 etN
545 3209 614 3250 corr.
660 3196 691 3249 ai
706 3196 725 3316 p
744 3200 775 3248 17
793 3195 861 3248 abet
878 3195 913 3249 N
929 3196 939 3264 ΙΙ
962 3201 993 3250 18
1018 3194 1146 3250 ‘tionem

117 3262 161 3328 N,
186 3280 198 3316 s
219 3263 358 3316 rationem
374 3261 439 3317 Mai
479 3263 529 3331 qui
545 3262 613 3316 odd.
632 3263 705 3333 signi
727 3263 846 3318 candum
894 3269 925 3318 19
962 3277 997 3316 ue
1070 3279 1146 3324 corr.

118 3328 183 3409 illut
199 3281 217 3399 ll
236 3336 269 3385 20
295 3329 333 3410 et]
359 3330 391 3382 ut
417 3301 460 3395 N,
488 3345 520 3382 ac
546 3329 626 3408 Mai·
664 3330 819 3410 patierint
895 3330 1082 3408 ndi'genter
1103 3331 1146 3396 N,

118 3397 399 3519 ffienlqrpiaallw
416 3413 484 3450 num
503 3396 538 3452 N
545 3397 600 3466 1128
618 3415 686 3452 uuis
703 3398 823 3453 iurando
841 3397 875 3451 N
884 3399 894 3466 ΙΙ
907 3405 938 3454 31
957 3397 1121 3454 imfiuntN
1128 3399 1145 3469 ΙΙ

161 3481 239 3520 mani
287 3510 295 3525 .
