2436 3840
116 152 177 218 168
345 149 499 206 vlnerum
515 149 681 205 MARONIS
699 150 909 208 EPISTOLAE.

115 303 250 383 imitari,
279 324 350 368 oum
380 304 460 368 diois
484 305 688 388 procedendum
716 305 783 369 siue
810 306 1042 373 meditandum.
1088 311 1141 376 sed

115 391 176 454 hoc
204 389 244 453 ad
266 388 485 472 inpersonalia
507 388 606 453 uerba
628 389 846 471 referendum,
877 412 1016 473 quorum
1039 396 1142 478 parti·

116 474 202 559 cipia
228 477 304 538 sunt
331 473 411 538 haee
440 495 520 557 quae
548 474 773 556 praediximus.
810 479 886 539 sunt
913 475 1012 541 etiam
1043 480 1142 563 parti·

115 560 199 646 cipia
228 579 310 643 quae
340 559 473 624 deficere
500 562 658 642 putantur
684 559 898 643 temporibus,
928 561 1018 645 quod
1049 564 1143 630 ualde

90 646 232 714 emirum
256 646 319 722 est,
344 664 416 708 cum
438 643 509 728 ipsa
530 643 628 708 uerba
649 665 715 708 non
731 644 892 710 deficiant.
930 645 1068 714 credere
1084 650 1143 714 ita·

116 751 177 814 que
205 749 273 793 non
296 728 446 793 debemus
469 728 555 812 quod
577 728 747 813 participia
768 729 875 793 uerbis
897 729 1004 796 adhuc
1029 753 1075 798 ex
1096 736 1143 799 in-

114 819 148 879 te
173 835 209 878 ro
236 813 467 897 possitantibus
495 812 629 877 deficere
658 814 791 896 possint
828 815 1001 900 participia
1031 822 1145 883 autem

115 835 196 964 tuiis
210 902 300 963 sunt:
315 900 455 981 studeres,
477 919 555 962 nam
575 897 781 994 participium
796 897 848 963 hic
862 901 1022 984 temporis
1039 902 1145 968 futuri

116 1006 135 1048 a
157 983 318 1067 plerisque
340 987 476 1068 negatur
498 982 623 1059 haberi,
649 987 684 1047 ut
705 984 882 1050 studiturus
903 1005 969 1050 non
992 984 1143 1072 dicatur3

77 1100 103 1140 10
117 1067 200 1153 quod
222 1068 338 1153 ignoro
360 1089 457 1152 quam
479 1088 578 1151 praue
598 1071 749 1151 putetur,
772 1068 835 1132 nisi
857 1069 942 1134 ferte
957 1090 1034 1135 cum
1051 1094 1144 1157 prae·

116 1153 247 1219 teritum
269 1158 395 1238 tempus
417 1151 592 1217 indicatiuo
615 1152 711 1216 modo
734 1152 825 1217 uerbi
846 1153 940 1218 huius
963 1176 1036 1221 non
1061 1157 1145 1223 acci·

117 1241 191 1304 dere
220 1240 383 1319 credatur3
415 1237 500 1322 quod
526 1237 654 1321 penitus
676 1258 742 1302 non
766 1240 932 1318 conuenit,
962 1239 1044 1324 quia
1068 1263 1146 1327 sepe

116 1324 252 1408 legimus
280 1324 397 1389 medei.
434 1327 483 1387 est
511 1321 608 1386 etiam
636 1321 723 1386 aliud
749 1322 954 1407 participium
981 1328 1146 1410 temporis

115 1409 234 1491 futuri,
257 1408 342 1493 quod
366 1407 566 1472 solummodo
582 1407 696 1471 ceteris
712 1407 870 1472 abdicatis
885 1407 1030 1474 inueniri
1046 1433 1147 1495 posse

79 1520 105 1560 15
118 1493 321 1568 aestimatur,
338 1495 375 1556 ut
389 1491 580 1573 usrpcecdcs,
596 1491 688 1574 quasi
701 1511 840 1573 crpcens
854 1492 920 1577 legi
934 1513 1002 1557 non
1020 1497 1146 1582 possit;

119 1577 205 1660 quod
221 1581 295 1659 quia
310 1575 569 1659 frequentissime
584 1574 730 1658 legimus,
751 1577 905 1660 exemplis
919 1599 986 1642 non
1000 1578 1145 1665 indiget.

118 1663 164 1726 sic
181 1661 278 1726 etiam
292 1661 458 1744 crpitarus
472 1665 505 1725 et
518 1660 651 1743 exrcitos.
677 1660 788 1725 dicunt
803 1662 899 1726 etism
913 1662 998 1746 quod
1016 1671 1147 1749 coeptus

118 1746 312 1812 defectiuum
335 1745 542 1830 participium
565 1745 623 1808 sit:
647 1745 860 1828 conpellimur
881 1750 913 1810 et
934 1766 995 1812 nos
1018 1749 1057 1813 in
1080 1750 1148 1816 hoc

118 1832 268 1897 assentiri
283 1833 344 1914 eis,
367 1831 441 1914 quia
454 1831 572 1913 incipio
586 1830 730 1896 neutrale
746 1830 879 1895 uerbum
895 1834 952 1896 est.
983 1833 1043 1897 sed
1059 1835 1148 1902 forte

79 1946 105 1986 so
119 1917 217 1999 dicas,
241 1916 316 2000 quia
330 1918 420 1998 capio
436 1915 578 1980 aetiuum
600 1918 664 1994 est,
688 1935 811 1998 exque
833 1921 963 1998 coeptes.
999 1938 1075 1985 non
1098 1920 1148 1986 ita

118 2007 183 2085 est,
212 2023 289 2066 nam
318 2022 356 2064 ex
384 2000 445 2064 hoc
470 2000 569 2063 uerbo
592 1999 766 2063 secundum
789 2001 950 2083 passiuam
972 2002 1147 2086 signifiea-

117 2088 238 2151 tionem
260 2107 326 2150 non
350 2090 472 2166 coeptus
494 2084 549 2147 sed
571 2088 681 2165 coptus
702 2083 803 2149 uenit.

204 2170 328 2234 Mirans
355 2169 463 2250 itaque
490 2167 648 2250 quomodo
675 2168 796 2250 passiui
817 2170 909 2234 uerbi
931 2170 1149 2257 participium

119 2277 138 2319 a
165 2253 304 2319 neutrali
331 2253 431 2315 uerbo
460 2251 570 2315 uenire
598 2253 715 2334 possit,
744 2275 840 2338 super
866 2254 928 2318 hoc
956 2256 1149 2327 Aeneam

80 2365 105 2408 25
118 2339 338 2421 interrogasse
352 2335 499 2417 memini,
524 2345 557 2401 et
571 2335 680 2401 taliter
695 2337 774 2402 mihi
789 2338 972 2422 respondit:
994 2339 1062 2407 hoc
1076 2365 1150 2410 non

118 2420 420 2572 {dritten
433 2422 1149 2590 tt”idadittdttdztdddmd·

119 2615 179 2678 que
201 2594 360 2658 audissem
383 2614 454 2656 eum
477 2590 615 2656 diffinite
637 2593 812 2674 dicentem,
836 2592 921 2677 quod
937 2615 956 2657 a
971 2593 1150 2664 defeetiuis

118 2679 225 2743 uerbis
247 2678 407 2743 defeetiua
429 2676 599 2760 participia
620 2697 745 2760 semper
767 2697 835 2741 esse
858 2678 1010 2757 debeant,
1042 2680 1149 2748 inter-

81 2789 106 2830 eo
119 2763 233 2847 rogaui
256 2785 328 2827 eum
351 2761 477 2826 dicens:
505 2763 657 2842 quomodo
679 2781 765 2844 erpo,
789 2763 997 2846 widemire,
1022 2765 1066 2831 ab
1089 2768 1149 2834 illo

118 2848 228 2926 aerbo,
257 2848 341 2929 quod
360 2847 397 2911 iu
416 2847 560 2929 personis
581 2845 702 2926 defecit,
731 2847 913 2912 insanimus
930 2849 1150 2932 particapium

118 2933 225 3013 auem,
253 2935 289 2996 ut
315 2935 360 2996 est
386 2931 515 2996 ‘decens’
545 2952 566 2995 o
594 2930 698 2996 decet?
730 2934 810 2995 tunc
838 2931 876 2995 ad
899 2953 949 2996 me
971 2933 1149 3001 subridens

120 3016 181 3080 ait:
211 3035 320 3080 moneo
346 3019 391 3094 te,
424 3017 488 3097 fib,
522 3035 561 3081 ne
586 3016 792 3082 similitudine
820 3017 932 3099 utiquc
959 3019 1147 3087 saturans:

190 3255 203 3302 1
223 3249 333 3304 emam
350 3249 384 3304 N
397 3250 407 3318 ιι
426 3255 441 3303 r
457 3229 659 3319 p0⁸sitanribus
681 3251 724 3317 N,
747 3251 954 3320 poscitantibus
977 3267 1048 3308 eae.
1068 3255 1138 3310 nae

120 3318 312 3386 prestantibus
323 3317 426 3372 Παπαῖ
438 3319 448 3387 ΙΙ
462 3324 493 3372 10
511 3319 628 3396 brevem
645 3318 688 3385 N,
708 3320 780 3373 bene
792 3319 857 3374 Mai
868 3321 878 3388 ΙΙ
893 3326 924 3373 14
942 3319 1073 3378 invenire
1084 3322 1122 3377 N
1131 3298 1148 3394 {i

121 3392 153 3441 18
171 3386 324 3440 defectium
341 3385 376 3440 N
384 3386 394 3455 ΙΙ
407 3391 440 3440 23
461 3385 533 3440 mira
549 3401 622 3440 mira
674 3409 681 3447 ;
698 3386 741 3452 N,
765 3387 870 3443 mirans
892 3389 989 3455 itaque
1007 3388 1075 3443 Mae·
1087 3391 1097 3457 ΙΙ
1111 3397 1147 3445 24

119 3454 248 3508 neutrale
264 3453 299 3508 N
312 3455 322 3522 11
340 3460 373 3510 28
391 3454 428 3507 ad
449 3454 484 3510 N
492 3456 502 3524 t!
515 3460 548 3509 30
566 3454 639 3508 doffe
700 3456 755 3522 {132
774 3455 867 3509 <lieret
883 3455 922 3510 N.
