2436 3840
516 106 732 163 PRAEFATIO.
1067 108 1134 162 XIII

207 294 316 354 Restat
334 296 370 353 ut
384 292 421 352 de
440 294 638 368 epitomarum
652 293 763 367 ordine,
783 311 873 369 quem
886 293 918 352 in
931 294 987 352 hac
1002 293 1133 353 aditione

119 383 251 456 instItui,
276 386 307 442 et
330 382 366 442 (16
390 383 508 442 ratione
530 382 575 441 rai
599 382 848 459 o1thographicaa
870 400 966 457 pauca
990 382 1133 441 adferam.

120 470 282 548 Virgilium
291 474 339 531 ter
348 471 454 546 quinas
464 472 610 546 epitomas
621 470 888 530 confecisseverbis
899 472 1029 529 auctoris
1038 471 1133 545 ipsius

122 565 256 636 apparet.
284 559 365 619 Dicit
379 560 458 618 cnim
471 580 500 635 p.
510 563 583 637 121,
593 561 611 618 8
623 606 644 619 ..
659 577 707 633 epo
721 562 828 633 ipsein
842 561 972 633 epitomis
990 563 1040 618 ter
1058 561 1132 632 qni-

118 653 175 709 nis
191 665 311 708 nnmero
321 651 479 722 proprinm
486 650 657 723 pronomini
669 650 825 708 indixerim
838 649 1013 722 opnsonbem.
1045 647 1134 707 Prae·

120 741 204 798 tersa
214 736 369 812 inscriptio
382 737 443 795 cod.
454 736 585 795 Parisini
598 738 677 795 hunc
691 737 817 795 eundem
827 756 985 795 numerum
995 736 1134 808 servavit,

119 827 156 886 cf.
172 846 200 901 p.
218 829 234 884 1
252 822 434 883 MARONIS
449 823 620 884 VIRGILII
639 823 848 884 ORIVNTVR
866 823 1134 885 ΑΕΡΙΤΗΟΜΑΕ

122 914 187 974 XV.
205 915 305 990 Atque
312 914 446 988 priorum
454 915 586 989 capitum
596 915 730 973 ordinem
737 914 824 973 facila
835 933 871 972 ex
878 914 1022 973 librorum
1029 932 1136 973 manu-

120 1003 297 1079 scriptorum
313 1002 559 1078 inscriptionibus
576 1002 883 1078 subscriptionibusve
897 1003 1061 1062 constituas
1078 1002 1134 1062 ita:

119 1091 143 1152 I.
158 1092 212 1150 DE
227 1090 447 1150 SAPIENTIA
467 1083 514 1172 (P,
530 1091 566 1150 N
578 1092 610 1150 in
623 1083 744 1171 marg.),
762 1091 802 1150 Π.
816 1091 870 1149 ΒΕ
889 1090 1068 1150 LITTERA
1082 1081 1134 1170 (cf.

119 1180 230 1240 subscr.
251 1180 314 1240 cod.
328 1171 442 1260 Vina),
464 1179 520 1240 ΙΠ.
541 1178 595 1239 DE
623 1178 809 1239 SYLLABA
828 1171 897 1260 (V),
920 1177 972 1238 IV.
991 1179 1044 1237 DE
1063 1179 1134 1238 ME·

119 1267 209 1328 'I'ltIS
225 1261 296 1350 (N),
309 1267 345 1326 V.
361 1267 415 1326 Da
431 1267 589 1327 NOMINE
605 1260 675 1349 (V).
693 1265 866 1343 Capitulum
880 1270 982 1327 autem
1001 1269 1037 1326 de
1056 1271 1135 1327 cata-

42 1419 53 1439 ,
118 1358 188 1433 logo
206 1357 470 1433 grammaticorum
485 1357 563 1433 quod
576 1357 608 1415 in
622 1357 656 1417 N
666 1376 824 1416 numerum
834 1356 862 1414 V
872 1350 1015 1437 (fortasse
1031 1376 1066 1415 ex
1079 1355 1136 1414 XV

119 1438 332 1527 depravatum)
350 1465 423 1521 praa
443 1465 475 1506 sa
493 1446 567 1523 fert,
590 1447 790 1520 epitomarum
809 1464 884 1522 opus
904 1445 1048 1504 clausisse
1068 1462 1135 1502 oum

121 1553 156 1595 cx
179 1534 311 1594 auctoris
330 1535 429 1594 verbis
452 1535 484 1592 in
506 1535 565 1593 fine
589 1535 695 1610 capitis
718 1535 826 1609 posttis
849 1555 877 1610 p.
902 1536 958 1594 92:
982 1533 1066 1594 Haec
1083 1551 1134 1592 no-

120 1626 164 1683 bis
186 1641 202 1682 o
221 1624 335 1683 sodales
358 1628 443 1696 cipum
464 1625 616 1690 discentes,
644 1625 739 1697 iepnm
754 1628 951 1696 paternensem
974 1623 1056 1682 libris
1074 1639 1133 1696 pro

121 1715 290 1771 nmctcrnm
312 1713 435 1770 utilitate
457 1716 542 1784 atone
565 1713 658 1770 solnta
681 1711 797 1784 encepte
815 1713 981 1771 insinuasse
1003 1712 1136 1783 suspiciat

119 1803 187 1859 tum
211 1818 247 1859 ex
269 1799 488 1874 subscriptione
512 1798 621 1857 codicis
644 1798 850 1873 Neapolitani:
878 1799 1009 1871 Empticit
1031 1797 1135 1858 Moro-

119 1891 167 1949 nis
192 1888 311 1962 Virpilii
328 1890 409 1947 recte
428 1887 607 1963 colligimus.
647 1887 804 1961 Epitomas
822 1886 902 1945 XIV.
922 1889 953 1945 ct
970 1886 1063 1958 XIII,
1088 1887 1135 1946 cui

120 1980 224 2038 auctor
247 1976 311 2053 ipse
335 1977 391 2035 hoc
412 1994 522 2036 nomen
544 1967 740 2054 inscripsit¹)‚
763 1994 800 2033 ex
818 1975 999 2035 auctoritate
1022 1975 1086 2036 cod.
1105 1975 1135 2033 N

120 2085 188 2126 cum
210 2065 342 2140 epitoma
368 2065 477 2124 ultima
500 2064 645 2125 coniunxi.
691 2062 773 2134 Quae
799 2064 879 2125 inter
907 2064 1007 2141 capita
1034 2063 1137 2140 priora

122 2158 152 2214 et
170 2154 339 2230 posteriora
356 2154 520 2227 intersunt,
544 2172 611 2213 cum
633 2153 704 2212 libri
723 2172 783 2213 non
802 2154 876 2214 satIs
900 2156 983 2213 certa
1001 2154 1135 2222 tradant,

121 2262 157 2303 ex
180 2243 352 2303 coniectura
374 2243 502 2302 altarum
526 2242 647 2319 Virgilii
671 2261 746 2318 opus
764 2233 969 2325 Donatique²)
993 2242 1136 2318 principis

122 2332 388 2408 grammaticorum
416 2334 513 2390 artem
540 2332 677 2407 exempla
705 2335 825 2392 secutus
853 2332 987 2408 disposui
1016 2332 1074 2408 ita,
1101 2334 1137 2389 ut

122 2439 280 2480 numerum
302 2421 351 2479 ter
373 2420 532 2496 quinarum
557 2419 755 2495 epitomarum
779 2421 969 2496 complerem.
1065 2452 1068 2457 ·

210 2509 256 2567 De
286 2525 320 2566 re
351 2507 595 2584 orthographica,
629 2508 748 2582 qualem
770 2507 973 2579 instituerem,
1007 2507 1136 2565 multum

122 2598 232 2673 diuque
246 2596 407 2673 haesitavi,
427 2616 495 2656 cum
508 2614 604 2672 neque
619 2595 735 2655 codices
750 2595 934 2671 Virgilianos
950 2594 1023 2654 satis
1038 2597 1136 2653 certos

196 2770 222 2839 1)
241 2768 275 2822 cf.
294 2785 323 2837 p.
343 2771 386 2834 81,
405 2771 439 2820 21
459 2766 514 2821 Sed
531 2784 565 2822 ne
582 2768 645 2837 pnis
663 2767 746 2821 etiam
763 2764 926 2819 mnnnscnio
943 2779 971 2818 se
989 2763 1138 2832 susciperet

121 2840 332 2906 defraudatum,
356 2855 444 2892 nnnm
461 2839 538 2893 cobis
561 2839 644 2892 bnins
662 2837 704 2891 rei
718 2852 824 2905 ponem
846 2835 1043 2901 testimoninm,
1066 2835 1139 2903 qnod

29 2971 32 2978 ,
121 2927 195 2966 mene
213 2910 367 2965 ciansnlam
386 2910 466 2964 dabit
484 2912 657 2978 epitomae.

192 2982 221 3050 2)
240 2979 347 3035 Donati
369 2996 415 3033 ars
438 2979 530 3035 minor
553 2980 624 3034 hacc
641 2978 729 3034 habet
752 2976 860 3047 capita:
889 2975 925 3031 (16
948 2975 1076 3043 nominc,
1103 2975 1138 3030 (16

122 3052 298 3122 pronomine,
323 3052 357 3106 (16
376 3051 474 3119 verbo,
494 3050 530 3106 da
549 3049 697 3117 adverbio,
716 3049 752 3103 da
768 3047 934 3118 participio,
954 3047 989 3102 (16
1008 3047 1138 3101 coniunc-

121 3122 209 3190 tione,
229 3122 264 3176 (16
282 3121 501 3192 praepositione,
520 3122 555 3176 (16
573 3119 782 3176 interiectione:
802 3117 905 3188 quibus
924 3119 1095 3173 antecedunt
1109 3116 1139 3171 in

123 3195 183 3249 arte
201 3194 320 3250 maiora:
340 3193 375 3247 (16
390 3209 471 3261 voce,
490 3193 525 3247 dc
544 3192 679 3261 littera,
700 3192 735 3246 (16
754 3190 903 3260 syllaba,
923 3190 959 3244 (16
977 3187 1138 3259 pedibus,

123 3265 158 3319 (16
177 3264 266 3333 tonis,
286 3264 321 3319 (16
338 3264 486 3334 posituris,
510 3263 546 3318 da
563 3263 691 3333 partibus
706 3261 855 3330 orationis,
874 3261 1027 3316 succedunt
1045 3260 1139 3313 autem

123 3335 159 3390 (16
172 3335 361 3404 barbarismo,
378 3335 414 3390 (16
432 3333 610 3403 soloecismo,
625 3335 660 3389 (16
674 3332 775 3396 ceteris
789 3331 881 3400 vitiis,
896 3332 931 3386 (16
945 3331 1152 3398 metaplasmo,

123 3406 158 3460 (16
177 3406 380 3476 schematibus,
400 3407 434 3462 de
453 3405 543 3476 tropis
561 3404 606 3477 (cf.
627 3405 698 3460 Κ611.
718 3403 920 3461 Grammhat.
932 3400 1041 3462 tm
