2436 3840
403 155 438 208 11.
465 154 513 208 DE
531 153 760 209 PRONOMINE.
1028 154 1089 220 125

155 306 215 373 nst
243 285 434 391 pronomen,
464 305 503 371 de
532 329 595 390 quo
625 306 782 370 dubitatio
803 327 921 391 magna
943 306 1089 389 habetur,

71 395 179 457 utrum
222 393 349 456 finitum
392 413 433 455 an
470 391 633 455 infinitum
670 391 713 454 sit
748 393 785 454 ut
819 392 886 456 iste.
940 392 1090 455 nonnulli

71 479 190 542 etenim
221 476 386 540 infinitum
421 497 489 540 esse
521 497 593 540 curn
622 476 760 559 quadam
790 474 987 539 diffensionis
1016 497 1090 539 suae

70 562 261 626 auctoritate
294 561 465 625 hortantur
497 564 534 624 ut
566 580 618 642 epo
651 561 724 641 iste,
758 566 793 624 tu
825 562 896 640 istc,
931 561 983 624 ille
1015 562 1090 638 ista·

70 647 156 730 quod
187 649 297 713 tamen
327 645 362 709 in
388 645 507 709 nostris
535 644 725 708 lectionibus
751 665 817 707 non
845 648 914 708 tam
941 648 1089 727 prompte
1115 662 1129 704 5

70 751 131 794 nec
165 734 276 813 parate
305 729 341 792 in
369 751 428 794 usu
461 728 607 793 hobitum
634 729 840 812 repperimus.
875 750 941 792 uno
971 729 1091 792 etenim

71 814 303 878 tantummodo.
322 814 357 877 in
385 813 456 878 loco
477 812 540 877 hoc
568 813 647 897 legi,
677 835 749 877 cum
772 812 866 878 (lato
894 813 1011 877 dixerit
1038 833 1091 896 epo

71 901 129 964 istc
166 900 221 979 qui
258 899 376 964 locotus
410 918 495 976 sum,
536 900 621 982 quod
660 902 767 962 utrum
803 903 889 962 recte
925 919 966 961 an
1001 919 1090 961 secus

70 983 229 1066 posuerit,
266 1004 334 1046 non
362 985 411 1046 est
438 982 547 1047 iudicii
575 983 638 1046 mei
666 983 835 1046 decernere
863 985 921 1046 aut
948 982 1090 1061 definire,

73 1089 143 1131 cum
176 1071 243 1131 tam
275 1067 379 1131 multa
411 1067 454 1131 sit
486 1076 517 1131 et
551 1068 680 1150 copiosa
708 1066 878 1131 latinitatis
909 1068 1008 1131 totius
1036 1089 1091 1132 re·
1105 1087 1130 1126 ιο

72 1153 125 1235 gio
160 1156 192 1215 et
226 1155 263 1216 ut
290 1153 337 1215 ita
366 1151 472 1215 dicam
500 1151 636 1235 pelagus
664 1153 859 1230 inmensum,
888 1154 924 1214 ut
954 1151 1093 1216 discerni

72 1237 205 1300 omnino
235 1236 438 1300 diuersitates
466 1236 566 1318 ipsius
596 1237 628 1300 et
655 1257 760 1299 nouae
789 1235 1035 1299 adiuuentiones
1061 1240 1094 1300 et

72 1321 274 1404 incognitae,
319 1323 357 1384 ut
399 1321 570 1403 putantur,
616 1341 635 1383 a
677 1320 806 1383 nomine
850 1320 889 1383 ad
934 1320 1092 1406 liquidum

95 1405 204 1468 ossint.

72 1427 92 1488 p
158 1487 241 1554 Sunt
263 1489 318 1572 qui
337 1491 456 1572 putant
471 1510 650 1572 pronomen
666 1489 767 1554 alium
781 1489 969 1574 genetiuum
985 1509 1092 1552 casum
1107 1509 1131 1548 15

73 1572 208 1658 habere,
232 1574 318 1657 quod
340 1574 485 1657 putatiue
508 1574 615 1657 potius
638 1595 734 1656 quarn
749 1573 985 1638 rationabiliter
1001 1594 1091 1637 usur-

73 1661 184 1740 patum
208 1658 401 1722 credendum
424 1662 481 1721 est.
519 1659 669 1722 nonnulli
692 1658 777 1721 enim
798 1659 846 1722 ita
867 1657 1093 1722 declinandum

76 1745 188 1804 rentur
209 1742 272 1806 hoc
296 1762 490 1824 pronomen:
513 1742 598 1807 atius
619 1743 704 1807 ultus
725 1743 779 1807 uli.
817 1743 910 1805 multi
934 1745 1029 1805 etiam
1047 1745 1093 1805 ita

74 1825 253 1889 declinant:
293 1825 379 1891 alius
409 1827 456 1891 ali
488 1827 563 1892 alio.
611 1824 762 1889 nonnulli
795 1828 1093 1890 commentabantur

74 1911 160 1976 atius
182 1910 243 1974 alis
265 1909 332 1973 siue
354 1910 481 1975 alionis.
518 1909 574 1973 sed
595 1909 675 1973 haec
697 1909 806 1973 omnia
829 1931 869 1973 ex
891 1910 983 1974 nulla
1005 1913 1132 1974 certare

74 1995 266 2058 auctoritate
280 1999 434 2078 poterunt
448 1993 634 2078 adprobari:
650 2015 754 2077 neque
769 1993 856 2058 enim
870 1992 1095 2074 Ciceronis,

75 2077 1095 2163 Donis,(latonis‚UirgiliAssianiautilliusTroiani

76 2167 132 2227 aut
158 2163 363 2248 Galbungi
390 2164 442 2228 uel
465 2163 651 2228 Terrenti
673 2171 729 2228 aut
750 2164 884 2229 alicuius
906 2167 1094 2248 ceterorum,

74 2248 129 2330 qui
145 2247 182 2311 de
200 2249 321 2312 artibus
337 2248 439 2312 multa
459 2269 555 2332 opera
575 2249 722 2314 fecerunt
746 2253 873 2333 compte
894 2252 928 2314 et
948 2248 1094 2333 pulcher·

75 2333 154 2394 rime
176 2332 388 2414 scripserunt,
416 2332 502 2395 dicta
523 2333 709 2415 depromere
733 2333 772 2397 ad
794 2334 984 2398 firmandum
1006 2334 1094 2398 hunc
1107 2352 1133 2392 a

77 2435 201 2478 cassum
234 2414 416 2480 ualebunt.·
435 2416 473 2478 de
505 2415 569 2480 hoc
601 2437 678 2501 ergo
712 2420 905 2500 pronomine
932 2419 995 2481 ista
1024 2439 1094 2482 sen-

75 2498 178 2562 tentia
210 2499 368 2562 seruanda
395 2502 460 2579 est,
492 2500 577 2582 quod
608 2502 795 2584 genetiuum
824 2523 948 2566 cassum
976 2501 1095 2566 habere

75 2604 143 2646 non
189 2585 281 2646 otest.

161 2604 245 2732 iuni
271 2666 466 2751 pronomina
493 2668 532 2731 de
559 2668 674 2751 quibus
696 2667 871 2753 ambigitur
892 2669 999 2731 utrum
1022 2689 1096 2751 pro·

76 2752 209 2816 nomina
237 2774 278 2816 an
307 2752 457 2816 aduerbia
479 2751 626 2834 intellegi
648 2753 786 2817 debeant
808 2757 844 2816 ut
866 2773 968 2818 eccum
990 2754 1092 2818 edum.
1106 2771 1133 2812 ³⁰

77 2842 153 2901 sunt
175 2838 367 2920 pronomina
394 2837 511 2920 quibus
534 2838 707 2902 declinatio
730 2837 914 2901 affectatiua
934 2838 987 2901 uel
1010 2859 1095 2902 oom-

79 2923 238 2985 mutatiua
259 2924 413 2986 asseritur
433 2926 471 2986 ut
492 2924 583 2988 ouius
598 2924 650 2987 cui
664 2923 743 2988 outo.
778 2922 844 2986 scio
866 2924 899 2986 et
921 2924 994 2988 cuia
1009 2925 1096 2988 cuiae

79 3010 111 3070 et
132 3008 238 3071 ouium
261 3009 322 3072 cui.
359 3006 414 3070 sed
437 3007 516 3071 haec
536 3007 712 3071 declinatio
730 3028 799 3072 non
814 3008 855 3071 ad
871 3009 1096 3072 auctoritatem

144 3244 309 3296 lortantur
326 3242 385 3310 Ν1
403 3249 418 3296 o
436 3241 546 3309 promte
565 3245 596 3297 N
612 3243 650 3311 116
668 3242 803 3296 hebetum
820 3243 855 3297 N
863 3244 873 3311 11
888 3249 918 3296 10
935 3242 1019 3311 negio
1037 3242 1069 3296 N

79 3315 109 3362 11
123 3310 242 3381 pylagus
261 3309 296 3363 N
304 3311 314 3378 11
329 3316 360 3363 12
372 3309 447 3363 nolle
460 3309 498 3375 N,
518 3309 624 3363 multae
642 3310 707 3364 Mai
719 3311 729 3379 11
744 3317 775 3365 15
812 3311 1028 3365 renominalium
1041 3309 1072 3364 N

80 3382 111 3430 19
128 3392 184 3431 non
203 3379 258 3432 alio
276 3377 348 3432 nulli
366 3378 401 3432 N
414 3392 482 3434 corr.
500 3376 565 3431 Mai
582 3378 592 3446 11
605 3383 637 3431 22
655 3379 765 3432 troeani
830 3394 899 3433 corr.
917 3378 1049 3446 Μα11124
1067 3380 1097 3433 et

79 3443 115 3497 ad
133 3443 167 3498 N
175 3447 185 3513 11
198 3452 228 3500 31
248 3445 456 3501 commutatitia
470 3445 510 3499 N.
