2436 3840
417 163 451 218 V.
478 161 527 215 DE
544 160 760 215 PARTICIPIO.
1037 159 1096 226 161

378 347 419 413 V.
456 347 515 412 DE
537 345 797 413 PARTIGIPIO.

164 484 292 550 Dicturi
315 484 353 548 de
375 483 561 568 participio,
585 483 709 565 dequo
733 485 765 544 et
787 502 806 544 a
826 480 919 544 nobis
942 486 975 546 et
996 484 1097 566 aple-

78 571 186 654 risque
210 569 396 667 doctoribus
419 589 525 667 sermo
547 567 698 664 frequens
720 565 825 629 factus
848 569 921 714 est21
932 565 1013 631 illud
1028 568 1098 716 ‚npgi

79 656 237 803 titt?
263 653 514 834 stultiut
535 671 1098 834 toreumatum:

80 823 224 906 cipulum
250 823 285 886 in
307 822 372 887 fine
395 843 540 887 omnium
562 825 754 905 scriptorum
777 825 871 904 atque
893 825 986 884 mitro
1009 843 1099 905 prae·
1124 837 1136 878 ⁵

81 908 220 990 ceptoris
247 908 297 971 sui
325 906 527 971 indeffessam
555 906 661 970 facere
683 905 895 988 mentionem,
925 926 1019 989 quem
1041 906 1098 971 hu-

80 1013 193 1056 manae
222 991 410 1075 disciplinae
437 992 568 1056 tertium
595 990 657 1055 sibi
678 993 803 1074 patrem
824 994 952 1055 uocant.
989 992 1099 1076 itaquo

81 1080 235 1142 Aeneas
263 1098 351 1141 meus
380 1077 511 1160 triplam
538 1076 783 1159 participiorum
805 1075 924 1138 adserit
946 1096 1014 1140 esse
1035 1077 1098 1141 uir-

79 1166 196 1246 tutem,
220 1161 304 1245 quod
326 1162 361 1224 in
384 1161 467 1225 libro
490 1162 529 1224 de
551 1161 693 1224 omnium
712 1159 830 1223 artium
845 1159 965 1224 uirtute
980 1161 1099 1245 scripto

80 1249 176 1330 atque
197 1245 370 1311 ordinatim
391 1244 523 1328 degesto
544 1244 603 1308 tali
624 1244 723 1308 edidit
737 1243 849 1307 modo:
869 1246 979 1327 prima
993 1244 1100 1329 inquit
1113 1264 1139 1304 ιο

80 1333 185 1395 uirtus
201 1331 466 1428 participiorum,
488 1330 573 1427 qaod
593 1348 706 1394 nomen
727 1332 756 1392 er
768 1330 900 1394 uerbum
915 1331 996 1429 daus
1004 1331 1100 1413 pria·

80 1413 1100 1582 ulatruttluttutndatututu·

80 1585 212 1662 quodsi
232 1586 270 1648 ia
291 1586 354 1667 piac
375 1549 623 1650 testimoniorum
638 1585 780 1666 positam
797 1583 911 1664 fucrit,
929 1548 991 1668 pro
1005 1549 1100 1651 uerbi

81 1670 274 1749 docilitatem
302 1669 386 1750 qaod
405 1673 512 1733 tamea
533 1689 598 1734 noa
618 1670 687 1751 lapi
709 1670 930 1757 corasuetudiae
949 1671 1100 1735 seel'roro
1115 1689 1139 1729 15

82 1753 207 1816 accidit.
243 1750 322 1816 haec
345 1753 512 1816 Aeneas,

168 1834 338 1900 Sciendum
354 1836 501 1919 inprimis
517 1837 567 1899 est
580 1837 685 1898 totum
699 1835 906 1918 participium
921 1856 978 1919 per
991 1856 1101 1900 omnes

82 1941 138 1985 sex
168 1940 277 1984 cassus
302 1919 444 2003 duplices
467 1939 562 2004 agore
584 1918 685 1983 solere
711 1917 768 1983 illo
798 1918 965 1984 dumtaxat
991 1921 1100 2003 uerbo,

82 2005 172 2070 cuius
188 2006 231 2069 sit
246 2004 502 2090 significationis,
518 2007 644 2090 agente.
672 2003 892 2068 nominatiuus
909 2025 1016 2069 cassus
1031 2026 1102 2089 par-

81 2090 185 2173 ticipii
208 2091 301 2154 modo
323 2094 355 2155 et
377 2090 538 2154 ablatiuus
553 2110 629 2174 sepe
643 2110 702 2173 pro
717 2109 751 2153 sc
765 2089 903 2153 inuicem
925 2093 1101 2174 ponuntur,
1116 2110 1140 2148 a

82 2174 497 2324 titulantur
511 2195 677 2324 {liwir
700 2173 1103 2324 {instructu

83 2280 308 2440 {irticipalem
332 2281 475 2426 (piosituni
501 2365 576 2426 sepe
602 2281 799 2444 iiuenimus3
827 2344 1003 2444 secundum
1024 2344 1103 2409 illud

85 2425 742 2608 {iraudulentum
756 2429 1103 2608 Instituta

85 2595 294 2679 oprnantrbus
322 2596 494 2679 septimum
521 2616 560 2659 ex
586 2597 721 2679 utroque
748 2615 880 2660 nomme
903 2616 1027 2661 cassum
1049 2597 1102 2662 ad-

152 2803 175 2852 8.
198 2798 269 2852 Ere.
287 2798 372 2852 Bere.
391 2801 459 2861 200,
482 2801 543 2853 3et
560 2797 642 2854 Laid.
659 2796 681 2862 f.
699 2797 761 2854 79¹³:
792 2795 903 2852 Aeneas
933 2799 1041 2865 (aenias
1063 2799 1104 2868 L)

86 2883 164 2919 meus
190 2867 306 2934 triplam
330 2865 485 2935 (participii
507 2865 545 2933 L)
568 2866 674 2919 adserit
701 2881 761 2920 esse
788 2865 932 2934 participii
953 2867 1103 2934 virtutem3

85 2934 190 3001 prima,
209 2933 285 3001 quod
303 2934 423 2986 verbum
440 2934 470 2986 et
487 2949 590 2987 nomen
608 2933 677 2987 duas
688 2933 858 3003 principales
869 2935 965 3005 partes
978 2934 1101 3002 obtinet3
1193 2984 1195 2988 Α

85 3000 210 3054 secunda
227 3000 303 3067 quod
320 3000 344 3054 ei
362 3017 379 3054 a
394 3001 481 3055 verbo
495 3001 587 3055 activo
599 3000 697 3066 fuerit,
715 3001 816 3056 eodem
828 3002 912 3056 modo
925 3001 999 3072 agit;
1018 3003 1105 3058 tertia

85 3068 181 3135 (tertio
199 3067 237 3133 L)
245 3085 282 3202 le
297 3067 326 3120 in
343 3067 399 3121 fine
415 3068 572 3122 testimonii
589 3099 622 3108 -
640 3069 795 3136 accipiatur
813 3069 922 3136 (eodem
939 3070 1025 3124 modo
1042 3071 1105 3140 agit

85 3151 136 3203 pro
156 3153 180 3188 v.
201 3152 225 3188 a.
285 3152 294 3188 .·

154 3321 293 3376 INCIPIT
311 3319 472 3375 EIUSDEM
485 3320 624 3386 QUINTA
635 3321 684 3376 DE
696 3320 904 3376 PARTICIPIO
917 3321 952 3377 N
959 3324 969 3390 ΙΙ
982 3328 998 3377 3
1016 3322 1104 3376 otme-

87 3391 223 3524 ἓξὲξ
236 3389 282 3511 ff
298 3391 309 3459 ΙΙ
332 3395 362 3442 12
393 3389 534 3444 orationes
560 3388 621 3459 Nu
644 3397 675 3446 16
703 3390 797 3444 Ancas
826 3389 861 3444 Ν
873 3391 883 3458 ΙΙ
903 3396 933 3444 19
963 3390 1022 3444 sint
1046 3390 1080 3446 N
1090 3390 1103 3460 Η

139 3550 215 3600 Virgil
229 3551 263 3591 ed.
277 3551 387 3594 Hucmer.
878 3547 918 3594 Ὃ.
