<?xml version="1.0" encoding="UTF-8"?>
<!DOCTYPE html PUBLIC "-//W3C//DTD XHTML 1.0 Transitional//EN"
    "http://www.w3.org/TR/xhtml1/DTD/xhtml1-transitional.dtd">
<html xmlns="http://www.w3.org/1999/xhtml" xml:lang="en" lang="en">
 <head>
  <title>
</title>
<meta http-equiv="Content-Type" content="text/html;charset=utf-8" />
  <meta name='ocr-system' content='tesseract 3.04.00' />
  <meta name='ocr-capabilities' content='ocr_page ocr_carea ocr_par ocr_line ocrx_word'/>
</head>
<body>
  <div class='ocr_page' id='page_1' title='image "./opera08virggoog_0162.png"; bbox 0 0 2436 3840; ppageno 0'>
   <div class='ocr_carea' id='block_1_1' title="bbox 456 156 1101 225">
    <p class='ocr_par' dir='ltr' id='par_1_1' title="bbox 456 156 1101 225">
     <span class='ocr_line' id='line_1_1' title="bbox 456 156 1101 225; baseline -0.002 -15"><span class='ocrx_word' id='word_1_1' title='bbox 456 157 505 210; x_wconf 83' lang='lat' dir='ltr'>nr.</span> <span class='ocrx_word' id='word_1_2' title='bbox 533 156 582 210; x_wconf 83' lang='lat' dir='ltr'>na</span> <span class='ocrx_word' id='word_1_3' title='bbox 600 156 731 215; x_wconf 85' lang='lat' dir='ltr'>unaao.</span> <span class='ocrx_word' id='word_1_4' title='bbox 1041 159 1101 225; x_wconf 85' lang='lat'>143</span> 
     </span>
    </p>
   </div>
   <div class='ocr_carea' id='block_1_2' title="bbox 78 308 1200 3176">
    <p class='ocr_par' dir='ltr' id='par_1_2' title="bbox 80 308 1163 2230">
     <span class='ocr_line' id='line_1_2' title="bbox 170 308 1099 395; baseline 0.002 -21"><span class='ocrx_word' id='word_1_5' title='bbox 170 309 272 393; x_wconf 81' lang='lat' dir='ltr'>Super</span> <span class='ocrx_word' id='word_1_6' title='bbox 309 309 370 374; x_wconf 90' lang='lat' dir='ltr'>hac</span> <span class='ocrx_word' id='word_1_7' title='bbox 406 330 440 373; x_wconf 91' lang='lat' dir='ltr'>re</span> <span class='ocrx_word' id='word_1_8' title='bbox 473 310 647 373; x_wconf 80' lang='lat' dir='ltr'><strong>Aeneam</strong></span> <span class='ocrx_word' id='word_1_9' title='bbox 685 308 855 391; x_wconf 91' lang='lat' dir='ltr'>aliquando</span> <span class='ocrx_word' id='word_1_10' title='bbox 887 310 1099 395; x_wconf 84' lang='lat' dir='ltr'>interrogans,</span> 
     </span>
     <span class='ocr_line' id='line_1_3' title="bbox 84 393 1099 478; baseline 0.002 -19"><span class='ocrx_word' id='word_1_11' title='bbox 84 394 193 459; x_wconf 90' lang='lat' dir='ltr'>audiui</span> <span class='ocrx_word' id='word_1_12' title='bbox 215 396 255 458; x_wconf 93' lang='lat' dir='ltr'>ab</span> <span class='ocrx_word' id='word_1_13' title='bbox 278 394 349 476; x_wconf 88' lang='lat' dir='ltr'>ipso</span> <span class='ocrx_word' id='word_1_14' title='bbox 372 393 437 458; x_wconf 93' lang='lat' dir='ltr'>tale</span> <span class='ocrx_word' id='word_1_15' title='bbox 452 413 656 476; x_wconf 89' lang='lat' dir='ltr'>responsum:</span> <span class='ocrx_word' id='word_1_16' title='bbox 681 394 817 458; x_wconf 74' lang='lat' dir='ltr'>discredo</span> <span class='ocrx_word' id='word_1_17' title='bbox 832 393 991 476; x_wconf 74' lang='lat' dir='ltr'>inquienS,</span> <span class='ocrx_word' id='word_1_18' title='bbox 1010 398 1099 478; x_wconf 74' lang='lat' dir='ltr'>ofili,</span> 
     </span>
     <span class='ocr_line' id='line_1_4' title="bbox 84 478 1100 560; baseline 0 -16"><span class='ocrx_word' id='word_1_19' title='bbox 84 485 113 544; x_wconf 86' lang='lat' dir='ltr'>et</span> <span class='ocrx_word' id='word_1_20' title='bbox 140 480 206 544; x_wconf 80' lang='lat' dir='ltr'>coli</span> <span class='ocrx_word' id='word_1_21' title='bbox 232 481 363 543; x_wconf 80' lang='lat' dir='ltr'>summis</span> <span class='ocrx_word' id='word_1_22' title='bbox 391 480 515 556; x_wconf 80' lang='lat' dir='ltr'>quidem</span> <span class='ocrx_word' id='word_1_23' title='bbox 546 478 679 542; x_wconf 60' lang='lat' dir='ltr'>cumbas</span> <span class='ocrx_word' id='word_1_24' title='bbox 706 479 858 559; x_wconf 72' lang='lat' dir='ltr'>recipere,</span> <span class='ocrx_word' id='word_1_25' title='bbox 887 481 917 543; x_wconf 84' lang='lat' dir='ltr'>si</span> <span class='ocrx_word' id='word_1_26' title='bbox 946 483 1017 560; x_wconf 80' lang='lat' dir='ltr'>quis</span> <span class='ocrx_word' id='word_1_27' title='bbox 1044 481 1100 545; x_wconf 85' lang='lat' dir='ltr'>tibi</span> 
     </span>
     <span class='ocr_line' id='line_1_5' title="bbox 82 563 1099 643; baseline 0 -14"><span class='ocrx_word' id='word_1_28' title='bbox 82 565 220 629; x_wconf 76' lang='lat' dir='ltr'><strong><em>suaserit</em></strong></span> <span class='ocrx_word' id='word_1_29' title='bbox 240 564 323 643; x_wconf 79' lang='lat' dir='ltr'>quod</span> <span class='ocrx_word' id='word_1_30' title='bbox 343 564 444 628; x_wconf 79' lang='lat' dir='ltr'>uttam</span> <span class='ocrx_word' id='word_1_31' title='bbox 468 563 599 628; x_wconf 69' lang='lat' dir='ltr'>unbem</span> <span class='ocrx_word' id='word_1_32' title='bbox 625 563 717 642; x_wconf 80' lang='lat' dir='ltr'>assit,</span> <span class='ocrx_word' id='word_1_33' title='bbox 747 564 831 643; x_wconf 79' lang='lat' dir='ltr'>qaod</span> <span class='ocrx_word' id='word_1_34' title='bbox 857 564 893 627; x_wconf 81' lang='lat' dir='ltr'>in</span> <span class='ocrx_word' id='word_1_35' title='bbox 918 569 995 627; x_wconf 77' lang='lat' dir='ltr'>‘am’</span> <span class='ocrx_word' id='word_1_36' title='bbox 1022 564 1099 629; x_wconf 82' lang='lat' dir='ltr'>titte-</span> 
     </span>
     <span class='ocr_line' id='line_1_6' title="bbox 82 647 1137 731; baseline -0.003 -20"><span class='ocrx_word' id='word_1_37' title='bbox 82 669 156 714; x_wconf 83' lang='lat' dir='ltr'>ram</span> <span class='ocrx_word' id='word_1_38' title='bbox 177 648 325 730; x_wconf 74' lang='lat' dir='ltr'>finiatur,</span> <span class='ocrx_word' id='word_1_39' title='bbox 347 648 445 712; x_wconf 76' lang='lat' dir='ltr'>altius</span> <span class='ocrx_word' id='word_1_40' title='bbox 466 647 708 728; x_wconf 64' lang='lat' dir='ltr'>cataquensis</span> <span class='ocrx_word' id='word_1_41' title='bbox 732 667 883 728; x_wconf 75' lang='lat' dir='ltr'>quaeres</span> <span class='ocrx_word' id='word_1_42' title='bbox 903 649 975 731; x_wconf 73' lang='lat' dir='ltr'>fieri</span> <span class='ocrx_word' id='word_1_43' title='bbox 997 669 1019 712; x_wconf 90' lang='lat' dir='ltr'>o</span> <span class='ocrx_word' id='word_1_44' title='bbox 1033 668 1098 713; x_wconf 82' lang='lat' dir='ltr'>cor·</span> <span class='ocrx_word' id='word_1_45' title='bbox 1124 667 1137 708; x_wconf 83' lang='lat' dir='ltr'>s</span> 
     </span>
     <span class='ocr_line' id='line_1_7' title="bbox 81 731 1100 816; baseline 0.001 -20"><span class='ocrx_word' id='word_1_46' title='bbox 81 736 195 816; x_wconf 77' lang='lat' dir='ltr'>raptae</span> <span class='ocrx_word' id='word_1_47' title='bbox 205 733 317 795; x_wconf 79' lang='lat' dir='ltr'>mentis</span> <span class='ocrx_word' id='word_1_48' title='bbox 331 731 510 796; x_wconf 77' lang='lat' dir='ltr'>bominibus</span> <span class='ocrx_word' id='word_1_49' title='bbox 523 732 734 795; x_wconf 77' lang='lat' dir='ltr'>introductum</span> <span class='ocrx_word' id='word_1_50' title='bbox 748 737 793 796; x_wconf 85' lang='lat' dir='ltr'>est</span> <span class='ocrx_word' id='word_1_51' title='bbox 806 737 835 796; x_wconf 87' lang='lat' dir='ltr'>et</span> <span class='ocrx_word' id='word_1_52' title='bbox 848 733 966 813; x_wconf 74' lang='lat' dir='ltr'>hirqui</span> <span class='ocrx_word' id='word_1_53' title='bbox 978 733 1100 798; x_wconf 63' lang='lat' dir='ltr'>animm</span> 
     </span>
     <span class='ocr_line' id='line_1_8' title="bbox 82 816 1100 898; baseline 0.001 -17"><span class='ocrx_word' id='word_1_54' title='bbox 82 836 121 881; x_wconf 77' lang='lat' dir='ltr'>ce</span> <span class='ocrx_word' id='word_1_55' title='bbox 147 816 303 880; x_wconf 79' lang='lat' dir='ltr'>ueteribus</span> <span class='ocrx_word' id='word_1_56' title='bbox 328 818 485 881; x_wconf 78' lang='lat' dir='ltr'>rationem</span> <span class='ocrx_word' id='word_1_57' title='bbox 514 817 639 897; x_wconf 82' lang='lat' dir='ltr'>scriptis</span> <span class='ocrx_word' id='word_1_58' title='bbox 669 821 867 897; x_wconf 81' lang='lat' dir='ltr'>acceperunt,</span> <span class='ocrx_word' id='word_1_59' title='bbox 904 818 1100 898; x_wconf 75' lang='lat' dir='ltr'>uolentesque</span> 
     </span>
     <span class='ocr_line' id='line_1_9' title="bbox 83 901 1100 984; baseline 0 -19"><span class='ocrx_word' id='word_1_60' title='bbox 83 901 218 982; x_wconf 80' lang='lat' dir='ltr'>inprobo</span> <span class='ocrx_word' id='word_1_61' title='bbox 233 904 269 965; x_wconf 78' lang='lat' dir='ltr'>ut</span> <span class='ocrx_word' id='word_1_62' title='bbox 282 905 366 965; x_wconf 79' lang='lat' dir='ltr'>certo</span> <span class='ocrx_word' id='word_1_63' title='bbox 384 901 522 982; x_wconf 82' lang='lat' dir='ltr'>probare</span> <span class='ocrx_word' id='word_1_64' title='bbox 543 904 572 965; x_wconf 87' lang='lat' dir='ltr'>et</span> <span class='ocrx_word' id='word_1_65' title='bbox 592 901 789 982; x_wconf 71' lang='lat' dir='ltr'>confirmare.</span> <span class='ocrx_word' id='word_1_66' title='bbox 823 901 993 965; x_wconf 88' lang='lat' dir='ltr'>sumebant</span> <span class='ocrx_word' id='word_1_67' title='bbox 1008 922 1100 984; x_wconf 92' lang='lat' dir='ltr'>quas-</span> 
     </span>
     <span class='ocr_line' id='line_1_10' title="bbox 83 984 1099 1067; baseline 0.003 -20"><span class='ocrx_word' id='word_1_68' title='bbox 83 984 156 1048; x_wconf 92' lang='lat' dir='ltr'>dam</span> <span class='ocrx_word' id='word_1_69' title='bbox 185 984 276 1067; x_wconf 86' lang='lat' dir='ltr'><strong>quasi</strong></span> <span class='ocrx_word' id='word_1_70' title='bbox 303 984 562 1067; x_wconf 87' lang='lat' dir='ltr'>coniugationum</span> <span class='ocrx_word' id='word_1_71' title='bbox 584 985 723 1067; x_wconf 86' lang='lat' dir='ltr'>species,</span> <span class='ocrx_word' id='word_1_72' title='bbox 753 988 790 1049; x_wconf 90' lang='lat' dir='ltr'>ut</span> <span class='ocrx_word' id='word_1_73' title='bbox 811 984 865 1048; x_wconf 91' lang='lat' dir='ltr'>alii</span> <span class='ocrx_word' id='word_1_74' title='bbox 889 985 1032 1050; x_wconf 82' lang='lat' dir='ltr'>dicerent</span> <span class='ocrx_word' id='word_1_75' title='bbox 1052 1007 1099 1050; x_wconf 92' lang='lat' dir='ltr'>se-</span> 
     </span>
     <span class='ocr_line' id='line_1_11' title="bbox 83 1068 1163 1153; baseline -0.005 -21"><span class='ocrx_word' id='word_1_76' title='bbox 83 1068 203 1132; x_wconf 91' lang='lat' dir='ltr'>cundae</span> <span class='ocrx_word' id='word_1_77' title='bbox 225 1069 463 1151; x_wconf 86' lang='lat' dir='ltr'>coniugationis</span> <span class='ocrx_word' id='word_1_78' title='bbox 486 1090 570 1150; x_wconf 89' lang='lat' dir='ltr'>esse,</span> <span class='ocrx_word' id='word_1_79' title='bbox 594 1070 668 1153; x_wconf 92' lang='lat' dir='ltr'>quia</span> <span class='ocrx_word' id='word_1_80' title='bbox 691 1070 765 1133; x_wconf 93' lang='lat' dir='ltr'>licet</span> <span class='ocrx_word' id='word_1_81' title='bbox 785 1069 820 1132; x_wconf 91' lang='lat' dir='ltr'>in</span> <span class='ocrx_word' id='word_1_82' title='bbox 841 1070 946 1151; x_wconf 89' lang='lat' dir='ltr'>prima</span> <span class='ocrx_word' id='word_1_83' title='bbox 960 1092 1099 1153; x_wconf 88' lang='lat' dir='ltr'>persona</span> <span class='ocrx_word' id='word_1_84' title='bbox 1112 1089 1137 1128; x_wconf 81' lang='grc' dir='ltr'>ιο</span> <span class='ocrx_word' id='word_1_85' title='bbox 1160 1078 1163 1083; x_wconf 88' lang='grc'><strong>’</strong></span> 
     </span>
     <span class='ocr_line' id='line_1_12' title="bbox 83 1154 1099 1235; baseline 0.001 -18"><span class='ocrx_word' id='word_1_86' title='bbox 83 1174 150 1217; x_wconf 92' lang='lat' dir='ltr'>non</span> <span class='ocrx_word' id='word_1_87' title='bbox 172 1174 261 1218; x_wconf 90' lang='lat' dir='ltr'>more</span> <span class='ocrx_word' id='word_1_88' title='bbox 283 1154 377 1217; x_wconf 85' lang='lat' dir='ltr'>solito</span> <span class='ocrx_word' id='word_1_89' title='bbox 400 1154 435 1216; x_wconf 93' lang='lat' dir='ltr'>in</span> <span class='ocrx_word' id='word_1_90' title='bbox 450 1173 484 1218; x_wconf 85' lang='lat' dir='ltr'>eo</span> <span class='ocrx_word' id='word_1_91' title='bbox 499 1158 615 1217; x_wconf 81' lang='lat' dir='ltr'>exeant</span> <span class='ocrx_word' id='word_1_92' title='bbox 629 1157 665 1217; x_wconf 89' lang='lat' dir='ltr'>ut</span> <span class='ocrx_word' id='word_1_93' title='bbox 678 1155 769 1218; x_wconf 80' lang='lat' dir='ltr'>uideo</span> <span class='ocrx_word' id='word_1_94' title='bbox 775 1200 785 1235; x_wconf 82' lang='lat'><em>‚</em></span> <span class='ocrx_word' id='word_1_95' title='bbox 808 1157 893 1218; x_wconf 86' lang='lat' dir='ltr'>certa</span> <span class='ocrx_word' id='word_1_96' title='bbox 909 1155 943 1217; x_wconf 94' lang='lat' dir='ltr'>in</span> <span class='ocrx_word' id='word_1_97' title='bbox 960 1155 1099 1218; x_wconf 90' lang='lat' dir='ltr'>secunda</span> 
     </span>
     <span class='ocr_line' id='line_1_13' title="bbox 81 1237 1099 1322; baseline 0.001 -21"><span class='ocrx_word' id='word_1_98' title='bbox 81 1259 220 1320; x_wconf 90' lang='lat' dir='ltr'>persona</span> <span class='ocrx_word' id='word_1_99' title='bbox 240 1239 275 1301; x_wconf 91' lang='lat' dir='ltr'>in</span> <span class='ocrx_word' id='word_1_100' title='bbox 298 1258 328 1302; x_wconf 88' lang='lat' dir='ltr'>es</span> <span class='ocrx_word' id='word_1_101' title='bbox 351 1237 513 1314; x_wconf 86' lang='lat' dir='ltr'>desinunt,</span> <span class='ocrx_word' id='word_1_102' title='bbox 538 1241 574 1300; x_wconf 92' lang='lat' dir='ltr'>ut</span> <span class='ocrx_word' id='word_1_103' title='bbox 589 1257 630 1302; x_wconf 87' lang='lat' dir='ltr'>es.</span> <span class='ocrx_word' id='word_1_104' title='bbox 664 1238 813 1321; x_wconf 90' lang='lat' dir='ltr'>aquibus</span> <span class='ocrx_word' id='word_1_105' title='bbox 828 1238 989 1322; x_wconf 87' lang='lat' dir='ltr'>inquirere</span> <span class='ocrx_word' id='word_1_106' title='bbox 1007 1239 1099 1303; x_wconf 88' lang='lat' dir='ltr'>debe·</span> 
     </span>
     <span class='ocr_line' id='line_1_14' title="bbox 82 1321 1100 1404; baseline 0.002 -20"><span class='ocrx_word' id='word_1_107' title='bbox 82 1343 151 1385; x_wconf 89' lang='lat' dir='ltr'>mus</span> <span class='ocrx_word' id='word_1_108' title='bbox 173 1325 279 1385; x_wconf 89' lang='lat' dir='ltr'>utrum</span> <span class='ocrx_word' id='word_1_109' title='bbox 303 1322 445 1385; x_wconf 82' lang='lat' dir='ltr'>futurum</span> <span class='ocrx_word' id='word_1_110' title='bbox 467 1324 594 1404; x_wconf 87' lang='lat' dir='ltr'>tempus</span> <span class='ocrx_word' id='word_1_111' title='bbox 617 1321 758 1386; x_wconf 87' lang='lat' dir='ltr'>eiusdem</span> <span class='ocrx_word' id='word_1_112' title='bbox 780 1323 871 1386; x_wconf 90' lang='lat' dir='ltr'>uerbi</span> <span class='ocrx_word' id='word_1_113' title='bbox 892 1324 927 1387; x_wconf 92' lang='lat' dir='ltr'>in</span> <span class='ocrx_word' id='word_1_114' title='bbox 942 1324 979 1388; x_wconf 88' lang='lat' dir='ltr'>bo</span> <span class='ocrx_word' id='word_1_115' title='bbox 994 1325 1050 1387; x_wconf 91' lang='lat' dir='ltr'>aut</span> <span class='ocrx_word' id='word_1_116' title='bbox 1063 1324 1100 1386; x_wconf 91' lang='lat' dir='ltr'>in</span> 
     </span>
     <span class='ocr_line' id='line_1_15' title="bbox 82 1405 1098 1489; baseline -0.001 -18"><span class='ocrx_word' id='word_1_117' title='bbox 82 1407 137 1471; x_wconf 84' lang='lat' dir='ltr'>bor</span> <span class='ocrx_word' id='word_1_118' title='bbox 166 1405 252 1469; x_wconf 80' lang='lat' dir='ltr'>exire</span> <span class='ocrx_word' id='word_1_119' title='bbox 278 1427 373 1489; x_wconf 89' lang='lat' dir='ltr'>posse</span> <span class='ocrx_word' id='word_1_120' title='bbox 400 1407 580 1470; x_wconf 87' lang='lat' dir='ltr'>inueniant.</span> <span class='ocrx_word' id='word_1_121' title='bbox 625 1405 680 1469; x_wconf 91' lang='lat' dir='ltr'>alii</span> <span class='ocrx_word' id='word_1_122' title='bbox 709 1427 786 1471; x_wconf 90' lang='lat' dir='ltr'>uero</span> <span class='ocrx_word' id='word_1_123' title='bbox 815 1407 994 1472; x_wconf 86' lang='lat' dir='ltr'>firmissime</span> <span class='ocrx_word' id='word_1_124' title='bbox 1023 1428 1098 1471; x_wconf 91' lang='lat' dir='ltr'>con-</span> 
     </span>
     <span class='ocr_line' id='line_1_16' title="bbox 81 1490 1137 1576; baseline 0.001 -21"><span class='ocrx_word' id='word_1_125' title='bbox 81 1490 219 1555; x_wconf 88' lang='lat' dir='ltr'>tendunt</span> <span class='ocrx_word' id='word_1_126' title='bbox 251 1491 379 1554; x_wconf 88' lang='lat' dir='ltr'>tertiam</span> <span class='ocrx_word' id='word_1_127' title='bbox 412 1511 481 1554; x_wconf 89' lang='lat' dir='ltr'>esse</span> <span class='ocrx_word' id='word_1_128' title='bbox 509 1490 786 1575; x_wconf 86' lang='lat' dir='ltr'>coniugationem,</span> <span class='ocrx_word' id='word_1_129' title='bbox 819 1492 894 1576; x_wconf 91' lang='lat' dir='ltr'>quia</span> <span class='ocrx_word' id='word_1_130' title='bbox 920 1492 1137 1556; x_wconf 81' lang='lat' dir='ltr'>indicatiu01⁵</span> 
     </span>
     <span class='ocr_line' id='line_1_17' title="bbox 81 1575 1100 1660; baseline 0.004 -24"><span class='ocrx_word' id='word_1_131' title='bbox 81 1575 174 1640; x_wconf 84' lang='lat' dir='ltr'>modo</span> <span class='ocrx_word' id='word_1_132' title='bbox 198 1578 341 1658; x_wconf 87' lang='lat' dir='ltr'>tempore</span> <span class='ocrx_word' id='word_1_133' title='bbox 363 1578 526 1659; x_wconf 78' lang='lat' dir='ltr'>praesenti</span> <span class='ocrx_word' id='word_1_134' title='bbox 547 1597 680 1640; x_wconf 90' lang='lat' dir='ltr'>numero</span> <span class='ocrx_word' id='word_1_135' title='bbox 704 1575 819 1659; x_wconf 83' lang='lat' dir='ltr'>plurali</span> <span class='ocrx_word' id='word_1_136' title='bbox 841 1598 980 1660; x_wconf 89' lang='lat' dir='ltr'>persona</span> <span class='ocrx_word' id='word_1_137' title='bbox 1002 1577 1100 1640; x_wconf 88' lang='lat' dir='ltr'>tertia</span> 
     </span>
     <span class='ocr_line' id='line_1_18' title="bbox 80 1659 1099 1743; baseline 0.001 -20"><span class='ocrx_word' id='word_1_138' title='bbox 80 1663 155 1724; x_wconf 80' lang='lat' dir='ltr'>sunt</span> <span class='ocrx_word' id='word_1_139' title='bbox 175 1659 281 1723; x_wconf 85' lang='lat' dir='ltr'>habet.</span> <span class='ocrx_word' id='word_1_140' title='bbox 319 1662 374 1723; x_wconf 91' lang='lat' dir='ltr'>sed</span> <span class='ocrx_word' id='word_1_141' title='bbox 401 1661 476 1743; x_wconf 92' lang='lat' dir='ltr'>quia</span> <span class='ocrx_word' id='word_1_142' title='bbox 498 1660 631 1724; x_wconf 90' lang='lat' dir='ltr'>omnino</span> <span class='ocrx_word' id='word_1_143' title='bbox 654 1681 712 1743; x_wconf 91' lang='lat' dir='ltr'>per</span> <span class='ocrx_word' id='word_1_144' title='bbox 733 1665 836 1725; x_wconf 89' lang='lat' dir='ltr'>totum</span> <span class='ocrx_word' id='word_1_145' title='bbox 858 1663 993 1725; x_wconf 90' lang='lat' dir='ltr'>uerbum</span> <span class='ocrx_word' id='word_1_146' title='bbox 1015 1662 1099 1725; x_wconf 89' lang='lat' dir='ltr'>nihil</span> 
     </span>
     <span class='ocr_line' id='line_1_19' title="bbox 82 1744 1098 1826; baseline 0.003 -20"><span class='ocrx_word' id='word_1_147' title='bbox 82 1744 218 1825; x_wconf 79' lang='lat' dir='ltr'>habent,</span> <span class='ocrx_word' id='word_1_148' title='bbox 240 1744 325 1826; x_wconf 84' lang='lat' dir='ltr'>quod</span> <span class='ocrx_word' id='word_1_149' title='bbox 346 1745 475 1808; x_wconf 88' lang='lat' dir='ltr'>tertiam</span> <span class='ocrx_word' id='word_1_150' title='bbox 492 1744 751 1826; x_wconf 83' lang='lat' dir='ltr'>coniugationem</span> <span class='ocrx_word' id='word_1_151' title='bbox 766 1745 924 1808; x_wconf 89' lang='lat' dir='ltr'>ueraciter</span> <span class='ocrx_word' id='word_1_152' title='bbox 939 1746 1098 1826; x_wconf 85' lang='lat' dir='ltr'>ostendat,</span> 
     </span>
     <span class='ocr_line' id='line_1_20' title="bbox 81 1826 1098 1911; baseline 0.002 -22"><span class='ocrx_word' id='word_1_153' title='bbox 81 1826 227 1910; x_wconf 87' lang='lat' dir='ltr'>profecto</span> <span class='ocrx_word' id='word_1_154' title='bbox 251 1848 354 1890; x_wconf 87' lang='lat' dir='ltr'>errare</span> <span class='ocrx_word' id='word_1_155' title='bbox 378 1848 431 1891; x_wconf 86' lang='lat' dir='ltr'>eos</span> <span class='ocrx_word' id='word_1_156' title='bbox 454 1826 616 1910; x_wconf 88' lang='lat' dir='ltr'>opinabile</span> <span class='ocrx_word' id='word_1_157' title='bbox 639 1831 696 1891; x_wconf 88' lang='lat' dir='ltr'>est.</span> <span class='ocrx_word' id='word_1_158' title='bbox 729 1828 820 1891; x_wconf 89' lang='lat' dir='ltr'>falsis</span> <span class='ocrx_word' id='word_1_159' title='bbox 842 1828 951 1911; x_wconf 88' lang='lat' dir='ltr'>itaque</span> <span class='ocrx_word' id='word_1_160' title='bbox 968 1831 1000 1891; x_wconf 85' lang='lat' dir='ltr'>et</span> <span class='ocrx_word' id='word_1_161' title='bbox 1015 1849 1098 1893; x_wconf 93' lang='lat' dir='ltr'>com-</span> 
     </span>
     <span class='ocr_line' id='line_1_21' title="bbox 82 1910 1137 1994; baseline -0.003 -19"><span class='ocrx_word' id='word_1_162' title='bbox 82 1910 277 1975; x_wconf 87' lang='lat' dir='ltr'>mentaticiis</span> <span class='ocrx_word' id='word_1_163' title='bbox 306 1913 529 1994; x_wconf 88' lang='lat' dir='ltr'>imperitorum</span> <span class='ocrx_word' id='word_1_164' title='bbox 558 1911 791 1994; x_wconf 87' lang='lat' dir='ltr'>suspicionibus</span> <span class='ocrx_word' id='word_1_165' title='bbox 820 1912 968 1992; x_wconf 84' lang='lat' dir='ltr'>detectis,</span> <span class='ocrx_word' id='word_1_166' title='bbox 1001 1913 1098 1977; x_wconf 91' lang='lat' dir='ltr'>immo</span> <span class='ocrx_word' id='word_1_167' title='bbox 1112 1931 1137 1972; x_wconf 80' lang='lat' dir='ltr'>ao</span> 
     </span>
     <span class='ocr_line' id='line_1_22' title="bbox 81 1995 1099 2080; baseline 0.002 -21"><span class='ocrx_word' id='word_1_168' title='bbox 81 1996 211 2073; x_wconf 89' lang='lat' dir='ltr'>amotis,</span> <span class='ocrx_word' id='word_1_169' title='bbox 241 2017 336 2061; x_wconf 91' lang='lat' dir='ltr'>omne</span> <span class='ocrx_word' id='word_1_170' title='bbox 366 1997 499 2061; x_wconf 91' lang='lat' dir='ltr'>uerbum</span> <span class='ocrx_word' id='word_1_171' title='bbox 521 1995 605 2079; x_wconf 86' lang='lat' dir='ltr'>quod</span> <span class='ocrx_word' id='word_1_172' title='bbox 626 1996 764 2078; x_wconf 90' lang='lat' dir='ltr'>primam</span> <span class='ocrx_word' id='word_1_173' title='bbox 785 1995 907 2061; x_wconf 90' lang='lat' dir='ltr'>habens</span> <span class='ocrx_word' id='word_1_174' title='bbox 928 2017 1099 2080; x_wconf 86' lang='lat' dir='ltr'>personam</span> 
     </span>
     <span class='ocr_line' id='line_1_23' title="bbox 81 2080 1159 2166; baseline 0.006 -22"><span class='ocrx_word' id='word_1_175' title='bbox 81 2082 202 2145; x_wconf 91' lang='lat' dir='ltr'>nonin</span> <span class='ocrx_word' id='word_1_176' title='bbox 225 2101 242 2145; x_wconf 92' lang='lat' dir='ltr'>o</span> <span class='ocrx_word' id='word_1_177' title='bbox 266 2081 391 2146; x_wconf 87' lang='lat' dir='ltr'>literam</span> <span class='ocrx_word' id='word_1_178' title='bbox 414 2081 606 2164; x_wconf 86' lang='lat' dir='ltr'>desinuerit,</span> <span class='ocrx_word' id='word_1_179' title='bbox 629 2080 749 2145; x_wconf 87' lang='lat' dir='ltr'>nullius</span> <span class='ocrx_word' id='word_1_180' title='bbox 772 2081 1009 2166; x_wconf 84' lang='lat' dir='ltr'>coniugationis</span> <span class='ocrx_word' id='word_1_181' title='bbox 1030 2102 1099 2146; x_wconf 89' lang='lat' dir='ltr'>esse</span> <span class='ocrx_word' id='word_1_182' title='bbox 1157 2145 1159 2151; x_wconf 91' lang='lat'><em>.</em></span> 
     </span>
     <span class='ocr_line' id='line_1_24' title="bbox 82 2166 508 2230; baseline 0.005 -2"><span class='ocrx_word' id='word_1_183' title='bbox 82 2166 307 2230; x_wconf 82' lang='lat' dir='ltr'>incunctanter</span> <span class='ocrx_word' id='word_1_184' title='bbox 330 2166 508 2230; x_wconf 76' lang='lat' dir='ltr'>definimus.</span> 
     </span>
    </p>

    <p class='ocr_par' dir='ltr' id='par_1_3' title="bbox 78 2249 1200 3176">
     <span class='ocr_line' id='line_1_25' title="bbox 165 2249 1098 2335; baseline -0.002 -21"><span class='ocrx_word' id='word_1_185' title='bbox 165 2249 249 2314; x_wconf 83' lang='lat' dir='ltr'>Sane</span> <span class='ocrx_word' id='word_1_186' title='bbox 277 2250 375 2314; x_wconf 88' lang='lat' dir='ltr'>etiam</span> <span class='ocrx_word' id='word_1_187' title='bbox 402 2251 482 2315; x_wconf 91' lang='lat' dir='ltr'>illud</span> <span class='ocrx_word' id='word_1_188' title='bbox 505 2250 687 2335; x_wconf 73' lang='lat' dir='ltr'>quaeritur,</span> <span class='ocrx_word' id='word_1_189' title='bbox 712 2271 810 2333; x_wconf 90' lang='lat' dir='ltr'>quare</span> <span class='ocrx_word' id='word_1_190' title='bbox 832 2271 904 2316; x_wconf 89' lang='lat' dir='ltr'>cum</span> <span class='ocrx_word' id='word_1_191' title='bbox 927 2253 992 2315; x_wconf 90' lang='lat' dir='ltr'>tres</span> <span class='ocrx_word' id='word_1_192' title='bbox 1015 2249 1098 2314; x_wconf 91' lang='lat' dir='ltr'>ordi·</span> 
     </span>
     <span class='ocr_line' id='line_1_26' title="bbox 80 2332 1135 2419; baseline 0.002 -23"><span class='ocrx_word' id='word_1_193' title='bbox 80 2332 230 2397; x_wconf 90' lang='lat' dir='ltr'>nationes</span> <span class='ocrx_word' id='word_1_194' title='bbox 246 2354 314 2397; x_wconf 89' lang='lat' dir='ltr'>esse</span> <span class='ocrx_word' id='word_1_195' title='bbox 327 2336 471 2398; x_wconf 91' lang='lat' dir='ltr'>omnium</span> <span class='ocrx_word' id='word_1_196' title='bbox 483 2338 723 2400; x_wconf 86' lang='lat' dir='ltr'>antecessorum</span> <span class='ocrx_word' id='word_1_197' title='bbox 736 2336 964 2419; x_wconf 90' lang='lat' dir='ltr'>doctorumque</span> <span class='ocrx_word' id='word_1_198' title='bbox 975 2337 1097 2398; x_wconf 82' lang='lat' dir='ltr'>nostro</span> <span class='ocrx_word' id='word_1_199' title='bbox 1110 2351 1135 2392; x_wconf 76' lang='lat'>25</span> 
     </span>
     <span class='ocr_line' id='line_1_27' title="bbox 80 2417 1098 2502; baseline 0.003 -22"><span class='ocrx_word' id='word_1_200' title='bbox 80 2436 151 2480; x_wconf 88' lang='lat' dir='ltr'>rum</span> <span class='ocrx_word' id='word_1_201' title='bbox 182 2417 350 2481; x_wconf 89' lang='lat' dir='ltr'>confirmet</span> <span class='ocrx_word' id='word_1_202' title='bbox 380 2419 568 2498; x_wconf 86' lang='lat' dir='ltr'>auctoritas,</span> <span class='ocrx_word' id='word_1_203' title='bbox 603 2418 638 2481; x_wconf 91' lang='lat' dir='ltr'>in</span> <span class='ocrx_word' id='word_1_204' title='bbox 671 2439 861 2502; x_wconf 84' lang='lat' dir='ltr'>unaquaque</span> <span class='ocrx_word' id='word_1_205' title='bbox 895 2419 1098 2483; x_wconf 86' lang='lat' dir='ltr'>ordinatione</span> 
     </span>
     <span class='ocr_line' id='line_1_28' title="bbox 80 2499 1098 2585; baseline 0.002 -22"><span class='ocrx_word' id='word_1_206' title='bbox 80 2500 171 2585; x_wconf 89' lang='lat' dir='ltr'>quasi</span> <span class='ocrx_word' id='word_1_207' title='bbox 200 2499 400 2564; x_wconf 87' lang='lat' dir='ltr'>confussibili</span> <span class='ocrx_word' id='word_1_208' title='bbox 428 2502 522 2565; x_wconf 87' lang='lat' dir='ltr'>modo</span> <span class='ocrx_word' id='word_1_209' title='bbox 551 2501 682 2565; x_wconf 86' lang='lat' dir='ltr'>alterius</span> <span class='ocrx_word' id='word_1_210' title='bbox 709 2502 830 2565; x_wconf 80' lang='lat' dir='ltr'>ordinis</span> <span class='ocrx_word' id='word_1_211' title='bbox 861 2503 973 2567; x_wconf 87' lang='lat' dir='ltr'>literae</span> <span class='ocrx_word' id='word_1_212' title='bbox 1001 2503 1098 2566; x_wconf 88' lang='lat' dir='ltr'>inter-</span> 
     </span>
     <span class='ocr_line' id='line_1_29' title="bbox 82 2584 1099 2668; baseline -0.001 -19"><span class='ocrx_word' id='word_1_213' title='bbox 82 2586 231 2649; x_wconf 89' lang='lat' dir='ltr'>serantur</span> <span class='ocrx_word' id='word_1_214' title='bbox 252 2586 287 2648; x_wconf 92' lang='lat' dir='ltr'>in</span> <span class='ocrx_word' id='word_1_215' title='bbox 308 2588 451 2667; x_wconf 87' lang='lat' dir='ltr'>tantum,</span> <span class='ocrx_word' id='word_1_216' title='bbox 477 2589 514 2649; x_wconf 90' lang='lat' dir='ltr'>ut</span> <span class='ocrx_word' id='word_1_217' title='bbox 535 2586 570 2650; x_wconf 92' lang='lat' dir='ltr'>in</span> <span class='ocrx_word' id='word_1_218' title='bbox 592 2585 695 2668; x_wconf 89' lang='lat' dir='ltr'>prima</span> <span class='ocrx_word' id='word_1_219' title='bbox 709 2584 848 2649; x_wconf 88' lang='lat' dir='ltr'>secunda</span> <span class='ocrx_word' id='word_1_220' title='bbox 863 2589 895 2649; x_wconf 88' lang='lat' dir='ltr'>et</span> <span class='ocrx_word' id='word_1_221' title='bbox 909 2587 943 2648; x_wconf 91' lang='lat' dir='ltr'>in</span> <span class='ocrx_word' id='word_1_222' title='bbox 959 2584 1099 2649; x_wconf 86' lang='lat' dir='ltr'>secunda</span> 
     </span>
     <span class='ocr_line' id='line_1_30' title="bbox 80 2668 1098 2754; baseline -0.002 -20"><span class='ocrx_word' id='word_1_223' title='bbox 80 2675 113 2734; x_wconf 92' lang='lat' dir='ltr'>et</span> <span class='ocrx_word' id='word_1_224' title='bbox 140 2668 238 2733; x_wconf 81' lang='lat' dir='ltr'>tertia</span> <span class='ocrx_word' id='word_1_225' title='bbox 268 2671 470 2753; x_wconf 89' lang='lat' dir='ltr'>repperiatur</span> <span class='ocrx_word' id='word_1_226' title='bbox 497 2670 616 2754; x_wconf 79' lang='lat' dir='ltr'>prima3</span> <span class='ocrx_word' id='word_1_227' title='bbox 650 2669 764 2733; x_wconf 88' lang='lat' dir='ltr'>scribis</span> <span class='ocrx_word' id='word_1_228' title='bbox 792 2671 878 2733; x_wconf 86' lang='lat' dir='ltr'>enirn</span> <span class='ocrx_word' id='word_1_229' title='bbox 906 2669 966 2733; x_wconf 87' lang='lat' dir='ltr'>sic:</span> <span class='ocrx_word' id='word_1_230' title='bbox 998 2669 1098 2733; x_wconf 78' lang='lat' dir='ltr'>laada</span> 
     </span>
     <span class='ocr_line' id='line_1_31' title="bbox 80 2753 1136 2838; baseline -0.003 -19"><span class='ocrx_word' id='word_1_231' title='bbox 80 2755 200 2835; x_wconf 83' lang='lat' dir='ltr'>laudet,</span> <span class='ocrx_word' id='word_1_232' title='bbox 216 2755 423 2838; x_wconf 81' lang='lat' dir='ltr'>decederent,</span> <span class='ocrx_word' id='word_1_233' title='bbox 440 2755 501 2837; x_wconf 73' lang='lat' dir='ltr'>leye</span> <span class='ocrx_word' id='word_1_234' title='bbox 517 2757 612 2838; x_wconf 64' lang='lat' dir='ltr'>beat,</span> <span class='ocrx_word' id='word_1_235' title='bbox 633 2757 666 2818; x_wconf 91' lang='lat' dir='ltr'>et</span> <span class='ocrx_word' id='word_1_236' title='bbox 679 2753 752 2818; x_wconf 88' lang='lat' dir='ltr'>ideo</span> <span class='ocrx_word' id='word_1_237' title='bbox 768 2753 904 2818; x_wconf 88' lang='lat' dir='ltr'>sollicita</span> <span class='ocrx_word' id='word_1_238' title='bbox 918 2753 1095 2836; x_wconf 85' lang='lat' dir='ltr'>requirunt,</span> <span class='ocrx_word' id='word_1_239' title='bbox 1111 2773 1136 2816; x_wconf 79' lang='lat' dir='ltr'>rc</span> 
     </span>
     <span class='ocr_line' id='line_1_32' title="bbox 79 2837 1200 2923; baseline -0.001 -20"><span class='ocrx_word' id='word_1_240' title='bbox 79 2861 142 2923; x_wconf 88' lang='lat' dir='ltr'>qua</span> <span class='ocrx_word' id='word_1_241' title='bbox 168 2840 291 2904; x_wconf 88' lang='lat' dir='ltr'>ratione</span> <span class='ocrx_word' id='word_1_242' title='bbox 318 2839 397 2905; x_wconf 91' lang='lat' dir='ltr'>haec</span> <span class='ocrx_word' id='word_1_243' title='bbox 424 2839 609 2905; x_wconf 84' lang='lat' dir='ltr'>commixtio</span> <span class='ocrx_word' id='word_1_244' title='bbox 637 2838 723 2903; x_wconf 84' lang='lat' dir='ltr'>facta</span> <span class='ocrx_word' id='word_1_245' title='bbox 745 2839 796 2902; x_wconf 90' lang='lat' dir='ltr'>sit.</span> <span class='ocrx_word' id='word_1_246' title='bbox 834 2859 928 2921; x_wconf 89' lang='lat' dir='ltr'>super</span> <span class='ocrx_word' id='word_1_247' title='bbox 950 2837 1010 2902; x_wconf 92' lang='lat' dir='ltr'>hoc</span> <span class='ocrx_word' id='word_1_248' title='bbox 1032 2838 1098 2921; x_wconf 88' lang='lat' dir='ltr'>ple·</span> <span class='ocrx_word' id='word_1_249' title='bbox 1198 2872 1200 2876; x_wconf 30' lang='grc' dir='ltr'><em>ν</em></span> 
     </span>
     <span class='ocr_line' id='line_1_33' title="bbox 79 2923 1096 3008; baseline -0.001 -21"><span class='ocrx_word' id='word_1_250' title='bbox 79 2925 169 3008; x_wconf 90' lang='lat' dir='ltr'>rique</span> <span class='ocrx_word' id='word_1_251' title='bbox 192 2926 374 2988; x_wconf 89' lang='lat' dir='ltr'>nostrorum</span> <span class='ocrx_word' id='word_1_252' title='bbox 397 2928 429 2988; x_wconf 91' lang='lat' dir='ltr'>et</span> <span class='ocrx_word' id='word_1_253' title='bbox 444 2947 462 2988; x_wconf 93' lang='lat' dir='ltr'>a</span> <span class='ocrx_word' id='word_1_254' title='bbox 477 2925 572 2989; x_wconf 91' lang='lat' dir='ltr'>nobis</span> <span class='ocrx_word' id='word_1_255' title='bbox 586 2926 619 2988; x_wconf 88' lang='lat' dir='ltr'>et</span> <span class='ocrx_word' id='word_1_256' title='bbox 635 2944 654 2986; x_wconf 90' lang='lat' dir='ltr'>a</span> <span class='ocrx_word' id='word_1_257' title='bbox 668 2923 788 2987; x_wconf 90' lang='lat' dir='ltr'>nostris</span> <span class='ocrx_word' id='word_1_258' title='bbox 803 2923 967 3006; x_wconf 88' lang='lat' dir='ltr'>quaesiere</span> <span class='ocrx_word' id='word_1_259' title='bbox 982 2943 1096 3006; x_wconf 91' lang='lat' dir='ltr'>paren-</span> 
     </span>
     <span class='ocr_line' id='line_1_34' title="bbox 78 3007 1097 3091; baseline 0 -19"><span class='ocrx_word' id='word_1_260' title='bbox 78 3009 175 3076; x_wconf 86' lang='lat' dir='ltr'>tibus.</span> <span class='ocrx_word' id='word_1_261' title='bbox 215 3010 330 3091; x_wconf 91' lang='lat' dir='ltr'>quibus</span> <span class='ocrx_word' id='word_1_262' title='bbox 366 3009 544 3073; x_wconf 85' lang='lat' dir='ltr'>consultata</span> <span class='ocrx_word' id='word_1_263' title='bbox 578 3028 766 3090; x_wconf 88' lang='lat' dir='ltr'>responsum</span> <span class='ocrx_word' id='word_1_264' title='bbox 794 3011 856 3090; x_wconf 88' lang='lat' dir='ltr'>est,</span> <span class='ocrx_word' id='word_1_265' title='bbox 892 3007 953 3072; x_wconf 88' lang='lat' dir='ltr'>hoc</span> <span class='ocrx_word' id='word_1_266' title='bbox 980 3007 1097 3073; x_wconf 91' lang='lat' dir='ltr'>idcirco</span> 
     </span>
     <span class='ocr_line' id='line_1_35' title="bbox 80 3092 1097 3176; baseline -0.002 -20"><span class='ocrx_word' id='word_1_267' title='bbox 80 3092 216 3175; x_wconf 87' lang='lat' dir='ltr'>suscipi,</span> <span class='ocrx_word' id='word_1_268' title='bbox 233 3114 300 3157; x_wconf 91' lang='lat' dir='ltr'>non</span> <span class='ocrx_word' id='word_1_269' title='bbox 316 3093 389 3176; x_wconf 91' lang='lat' dir='ltr'>quia</span> <span class='ocrx_word' id='word_1_270' title='bbox 403 3093 595 3158; x_wconf 89' lang='lat' dir='ltr'>rationabile</span> <span class='ocrx_word' id='word_1_271' title='bbox 610 3096 718 3157; x_wconf 90' lang='lat' dir='ltr'>actum</span> <span class='ocrx_word' id='word_1_272' title='bbox 735 3092 791 3170; x_wconf 89' lang='lat' dir='ltr'>sit,</span> <span class='ocrx_word' id='word_1_273' title='bbox 810 3093 864 3156; x_wconf 90' lang='lat' dir='ltr'>sed</span> <span class='ocrx_word' id='word_1_274' title='bbox 880 3095 916 3156; x_wconf 89' lang='lat' dir='ltr'>ut</span> <span class='ocrx_word' id='word_1_275' title='bbox 931 3093 1097 3157; x_wconf 88' lang='lat' dir='ltr'>modorum</span> 
     </span>
    </p>
   </div>
   <div class='ocr_carea' id='block_1_3' title="bbox 78 3310 1096 3502">
    <p class='ocr_par' dir='ltr' id='par_1_4' title="bbox 78 3310 1096 3502">
     <span class='ocr_line' id='line_1_36' title="bbox 78 3310 1096 3502; baseline -0.004 -135"><span class='ocrx_word' id='word_1_276' title='bbox 78 3378 120 3446; x_wconf 61' lang='lat' dir='ltr'>ut]</span> <span class='ocrx_word' id='word_1_277' title='bbox 140 3319 170 3433; x_wconf 55' lang='lat' dir='ltr'>ert</span> <span class='ocrx_word' id='word_1_278' title='bbox 183 3312 273 3434; x_wconf 47' lang='lat' dir='ltr'>{3⁴⁵⁸st</span> <span class='ocrx_word' id='word_1_279' title='bbox 289 3312 332 3377; x_wconf 87' lang='lat' dir='ltr'>N,</span> <span class='ocrx_word' id='word_1_280' title='bbox 356 3311 446 3379; x_wconf 83' lang='lat' dir='ltr'>possit</span> <span class='ocrx_word' id='word_1_281' title='bbox 467 3310 546 3375; x_wconf 86' lang='lat' dir='ltr'>Mai,</span> <span class='ocrx_word' id='word_1_282' title='bbox 567 3317 618 3502; x_wconf 45' lang='lat' dir='ltr'>Krya</span> <span class='ocrx_word' id='word_1_283' title='bbox 638 3326 698 3366; x_wconf 86' lang='lat' dir='ltr'>asse</span> <span class='ocrx_word' id='word_1_284' title='bbox 717 3314 786 3432; x_wconf 56' lang='lat' dir='ltr'>post</span> <span class='ocrx_word' id='word_1_285' title='bbox 807 3310 883 3364; x_wconf 81' lang='lat' dir='ltr'>illius</span> <span class='ocrx_word' id='word_1_286' title='bbox 909 3310 1029 3364; x_wconf 76' lang='lat' dir='ltr'>inseruit</span> <span class='ocrx_word' id='word_1_287' title='bbox 1049 3310 1059 3378; x_wconf 82' lang='grc' dir='ltr'>ΙΙ</span> <span class='ocrx_word' id='word_1_288' title='bbox 1080 3314 1096 3363; x_wconf 88' lang='lat'>8</span> 
     </span>
    </p>
   </div>
   <div class='ocr_carea' id='block_1_4' title="bbox 233 3376 1097 3448">
    <p class='ocr_par' dir='ltr' id='par_1_5' title="bbox 233 3376 1097 3448">
     <span class='ocr_line' id='line_1_37' title="bbox 233 3376 1097 3448; baseline -0.006 -14"><span class='ocrx_word' id='word_1_289' title='bbox 233 3395 301 3434; x_wconf 82' lang='lat' dir='ltr'>corr.</span> <span class='ocrx_word' id='word_1_290' title='bbox 314 3379 380 3433; x_wconf 76' lang='lat' dir='ltr'>Mae</span> <span class='ocrx_word' id='word_1_291' title='bbox 391 3379 401 3448; x_wconf 84' lang='grc' dir='ltr'>ΙΙ</span> <span class='ocrx_word' id='word_1_292' title='bbox 416 3385 447 3432; x_wconf 81' lang='grc'>12</span> <span class='ocrx_word' id='word_1_293' title='bbox 465 3377 570 3433; x_wconf 86' lang='lat' dir='ltr'>desinit</span> <span class='ocrx_word' id='word_1_294' title='bbox 598 3379 715 3435; x_wconf 82' lang='lat' dir='ltr'>desinun</span> <span class='ocrx_word' id='word_1_295' title='bbox 741 3379 774 3434; x_wconf 90' lang='lat' dir='ltr'><strong><em>N</em></strong></span> <span class='ocrx_word' id='word_1_296' title='bbox 783 3393 851 3435; x_wconf 84' lang='lat' dir='ltr'>corr.</span> <span class='ocrx_word' id='word_1_297' title='bbox 862 3376 927 3433; x_wconf 75' lang='lat' dir='ltr'>Mai</span> <span class='ocrx_word' id='word_1_298' title='bbox 938 3378 949 3445; x_wconf 82' lang='grc' dir='ltr'>ΙΙ</span> <span class='ocrx_word' id='word_1_299' title='bbox 962 3383 995 3432; x_wconf 78' lang='lat'>20</span> <span class='ocrx_word' id='word_1_300' title='bbox 1008 3377 1097 3445; x_wconf 86' lang='lat' dir='ltr'>suspi-</span> 
     </span>
    </p>
   </div>
   <div class='ocr_carea' id='block_1_5' title="bbox 79 3445 604 3516">
    <p class='ocr_par' dir='ltr' id='par_1_6' title="bbox 79 3445 604 3516">
     <span class='ocr_line' id='line_1_38' title="bbox 79 3445 604 3516; baseline 0.006 -18"><span class='ocrx_word' id='word_1_301' title='bbox 79 3445 203 3500; x_wconf 88' lang='lat' dir='ltr'>tionibus</span> <span class='ocrx_word' id='word_1_302' title='bbox 221 3446 251 3502; x_wconf 86' lang='grc' dir='ltr'><em>Ν</em></span> <span class='ocrx_word' id='word_1_303' title='bbox 262 3448 272 3516; x_wconf 88' lang='grc' dir='ltr'>ΙΙ</span> <span class='ocrx_word' id='word_1_304' title='bbox 285 3453 318 3503; x_wconf 80' lang='lat'>23</span> <span class='ocrx_word' id='word_1_305' title='bbox 336 3447 551 3502; x_wconf 74' lang='lat' dir='ltr'>inconnetanter</span> <span class='ocrx_word' id='word_1_306' title='bbox 598 3488 604 3501; x_wconf 92' lang='lat'>.</span> 
     </span>
    </p>
   </div>
   <div class='ocr_carea' id='block_1_6' title="bbox 0 0 1222 3840">
    <p class='ocr_par' dir='ltr' id='par_1_7' title="bbox 0 0 1222 3840">
     <span class='ocr_line' id='line_1_39' title="bbox 0 0 1222 3840; baseline 0 1"><span class='ocrx_word' id='word_1_307' title='bbox 0 0 1222 3840; x_wconf 95' lang='lat' dir='ltr'> </span> 
     </span>
    </p>
   </div>
  </div>
 </body>
</html>
