2436 3840
120 165 162 230 58
353 163 508 218 VIRGILII
525 161 691 218 MARONIS
710 161 908 217 EPITOMAE.

120 317 214 397 floreo
225 316 306 381 taceo
315 316 523 397 ferueooalm.
537 317 660 398 fouere
667 318 774 380 autem
783 314 877 379 afero
886 317 976 379 aestu
983 314 1140 398 libidinis,

121 400 220 466 calere
241 421 317 464 uero
340 423 359 465 a
381 402 524 484 eorporis
539 401 738 549 intelleffistur
759 399 871 464 calore.
904 399 1003 464 uerba
1018 407 1138 484 autem,

120 506 210 634 llll
231 482 1141 638 lllltltttllt}'tllttlttttttttt‘

670 617 679 651 7
1124 607 1139 620 .

95 655 196 720 ateseo
212 674 356 738 00900300
372 675 504 738 aquosae
519 657 653 739 tyaosco.
676 653 732 718 sed
747 653 821 737 quia
835 653 915 717 haee
927 655 1139 738 praeteritum

119 743 245 821 tempus
266 739 388 803 habent
408 739 618 825 inohogatiua
637 760 706 803 esse
728 759 796 803 non
818 741 964 820 possunt.
1002 738 1138 805 dicimus

120 824 206 888 enim
228 825 340 889 orabat
361 824 465 890 coalui
485 826 595 908 iqaom
617 825 749 906 eoqaoai
770 824 897 906 apaoui.

205 906 256 970 D'e
279 908 382 972 initiis
409 909 543 993 gerendi
569 910 660 973 uerbi
687 907 916 990 explanatione
942 907 1029 972 faeta
1050 908 1140 973 uolut

120 991 309 1075 quibusdam
336 992 553 1058 fundamentis
580 992 772 1076 suppositio,
800 1012 886 1056 nuno
915 990 953 1055 de
984 993 1139 1078 coniuga-

82 1099 108 1139 10
121 1077 209 1141 tione
224 1077 294 1160 ipsa
309 1077 477 1142 dicendum
492 1081 549 1143 est.
581 1077 823 1162 coniugationes
839 1081 905 1140 tres
920 1080 1009 1141 sunt:
1033 1078 1140 1160 prima

120 1161 159 1224 ab
182 1182 213 1245 a,
236 1164 377 1227 secunda
399 1163 440 1228 ab
462 1184 487 1246 e,
510 1163 606 1228 tertia
628 1163 669 1227 ab
683 1165 706 1227 l.
736 1161 831 1226 multi
853 1160 1025 1246 diligenter
1040 1181 1138 1226 euen-

121 1246 229 1329 tilant‚
252 1268 350 1330 quare
372 1248 558 1333 coniugatio
580 1248 623 1313 sit
644 1247 739 1312 diota.
778 1245 909 1330 quidam
932 1246 1061 1328 quidam
1073 1245 1138 1312 hoe

119 1331 154 1394 in
175 1332 240 1396 fine
262 1332 392 1416 habent,
415 1332 500 1416 quod
522 1333 594 1397 ideo
611 1331 797 1416 coniugatio
813 1334 956 1413 uocetur,
980 1331 1055 1413 quia
1069 1334 1140 1396 tota

120 1415 265 1480 latinitas
286 1416 337 1480 his
359 1416 463 1482 tribus
485 1415 768 1500 coniugationibus
790 1415 879 1480 uelut
901 1414 1038 1497 quodam
1059 1416 1138 1500 iugo

82 1521 106 1561 15
119 1502 325 1566 sustentatur.
370 1500 425 1565 alii
447 1522 523 1566 uero
544 1506 677 1585 proptor
704 1500 850 1566 ordinem
877 1499 1042 1564 literarum
1063 1521 1137 1565 oon·

107 1584 301 1666 'iugationes
328 1585 500 1649 uerborum
525 1588 644 1669 putant
666 1606 735 1649 esse
757 1583 950 1649 ordinandas
972 1605 1027 1667 eo,
1051 1584 1139 1668 quod

119 1667 179 1732 hae
201 1668 313 1734 literae
335 1669 448 1753 iugum
470 1669 629 1754 quoddam
650 1669 757 1734 uerbis
779 1672 944 1753 praestant
965 1689 985 1733 a
1007 1690 1041 1733 se
1062 1690 1138 1753 por·

117 1752 236 1820 tundis.
281 1754 431 1819 nonnulli
453 1755 550 1820 etiam
572 1757 613 1820 ab
634 1755 697 1820 hoo
719 1754 962 1839 coniugationes
985 1753 1049 1819 diei
1072 1775 1138 1820 ore-

119 1839 212 1916 dunt,
243 1839 319 1923 quia
340 1841 589 1924 uniuscuiusque
612 1840 782 1906 declinatio
803 1839 990 1903 inueniatur
1008 1839 1043 1902 in
1064 1839 1137 1904 alia.

80 1944 105 1983 ro
118 1923 179 1987 hoc
207 1945 301 1988 nosse
324 1924 491 2006 debemuS,
520 1925 607 2008 quod
628 1924 874 2006 uniuscuiusque
897 1923 1138 2008 coniugationis

120 2008 252 2072 uerbum
274 2008 391 2091 duplex
413 2009 557 2074 futurum
579 2013 705 2092 tempus
726 2007 854 2072 habeat.
891 2008 1027 2072 dicimus
1049 2009 1138 2074 enim

118 2094 314 2174 iuterroqobo
337 2096 369 2157 et
383 2093 577 2175 iuterropam
588 2114 642 2176 pes
653 2099 711 2178 pet,
733 2093 844 2159 uidebo
858 2094 996 2176 uideam,
1019 2094 1137 2159 audito

118 2177 267 2257 audiam,
296 2197 392 2259 apum
414 2178 517 2260 apoto.
562 2181 638 2243 sunt
660 2183 693 2244 et
714 2177 778 2242 alia
801 2177 900 2242 uerba
921 2176 1058 2262 duplicis
1080 2199 1138 2261 per

118 2261 228 2324 omnia
255 2261 492 2343 coniugationis
520 2264 556 2325 ut
584 2264 659 2328 aido
687 2263 797 2346 aidus,
824 2263 914 2327 uideo
936 2263 1035 2328 aida.
1081 2261 1137 2327 sed

79 2364 104 2405 25
117 2345 192 2409 aldo
214 2344 253 2408 ad
276 2345 393 2409 mentis
415 2346 524 2410 oeulos
546 2346 775 2431 refferendum,
803 2347 894 2412 uideo
917 2346 958 2410 ad
979 2347 1136 2412 carnales.

187 2623 198 2669 1
211 2617 336 2671 fervasta
348 2617 388 2683 P,
404 2616 515 2672 fervore
529 2617 555 2669 ·i·
568 2618 648 2670 aestu
662 2617 732 2672 coni.
745 2615 848 2671 Hortel
860 2617 869 2684 l
884 2616 928 2675 if.
941 2615 1059 2673 laruda
1072 2616 1136 2670 libi-

116 2699 181 2770 diat
200 2722 226 2784 (e
244 2718 451 2797 corrpdicitur
474 2698 665 2797 ealdreaero·
680 2733 698 2770 a
720 2716 813 2772 calore
837 2717 961 2795 corporis
983 2716 1018 2771 N
1034 2718 1052 2854 lh
1067 2723 1136 2772 2-'1

117 2785 457 2929 irrorantur
465 2787 506 2906 ll
521 2785 749 2931 nutriar
784 2785 1081 2934 litoralia?
1097 2785 1136 2908 u

135 2922 215 2971 uetur
232 2916 271 2975 dl]
285 2919 563 2998 CONIUGATlONE
576 2922 790 2998 oomugatrones
807 2936 840 2976 m
851 2919 885 2974 N
893 2921 903 2988 [Ι
918 2925 949 2974 10
966 2921 1033 2998 aunt
1043 2934 1095 2975 om.
1107 2923 1136 2976 P

144 2985 197 3066 los.
210 2987 275 3064 sunt
286 2986 323 3065 ab.
335 3003 352 3041 a
363 2987 399 3042 ab
409 3004 424 3041 e
435 2988 470 3042 ab
480 3005 490 3040 1
502 2987 537 3067 N
545 2989 555 3057 ΙΙ
568 2987 719 3066 diligentes
727 2989 757 3042 P
768 2989 778 3057 l
793 2993 892 3068 12714
906 2988 1052 3066 quaeritur
1061 3004 1136 3067 quaa

116 3054 1142 3202 {illationem<olardiluminatum

117 3188 131 3258 Η
143 3195 173 3243 17
184 3189 235 3261 che
246 3188 274 3242 P
286 3189 296 3257 11
311 3194 342 3244 18
355 3191 607 3259 00000301000101)1
616 3205 700 3259 eorm
715 3192 926 3259 comagatrones
940 3205 1000 3244 esee
1016 3191 1138 3246 eredunt

115 3291 151 3344 ab
169 3291 223 3345 hoc
242 3289 294 3359 Nl
309 3296 340 3346 19
357 3289 439 3345 inver
456 3291 540 3345 ratur
558 3292 602 3359 (ra
614 3296 640 3356 a
651 3292 703 3360 nu
715 3293 745 3345 in
757 3290 815 3347 ana
825 3306 876 3346 om.
888 3291 922 3345 N
953 3297 986 3346 ao
999 3262 1137 3348 dabimus

114 3359 142 3412 P
154 3359 164 3426 ΙΙ
177 3365 209 3412 22
226 3359 401 3429 interrogem
419 3358 453 3413 N
465 3360 475 3428 ll
492 3365 525 3414 23
542 3360 579 3413 ad
597 3360 645 3414 uio
661 3360 700 3429 (d,
719 3375 753 3415 ea
769 3361 792 3427 t)
810 3361 838 3416 P
855 3361 865 3429 ΙΙ
883 3365 915 3415 23
937 3401 943 3412 .
962 3375 1014 3428 per
1036 3376 1138 3417 omnes

112 3428 327 3526 coniugationda
344 3461 379 3515 N
390 3462 450 3529 1125
472 3461 509 3515 ad
532 3462 634 3516 mentia
651 3440 747 3534 oeulis
766 3461 800 3516 di
812 3461 850 3518 N.
