<?xml version="1.0" encoding="UTF-8"?>
<!DOCTYPE html PUBLIC "-//W3C//DTD XHTML 1.0 Transitional//EN"
    "http://www.w3.org/TR/xhtml1/DTD/xhtml1-transitional.dtd">
<html xmlns="http://www.w3.org/1999/xhtml" xml:lang="en" lang="en">
 <head>
  <title>
</title>
<meta http-equiv="Content-Type" content="text/html;charset=utf-8" />
  <meta name='ocr-system' content='tesseract 3.04.00' />
  <meta name='ocr-capabilities' content='ocr_page ocr_carea ocr_par ocr_line ocrx_word'/>
</head>
<body>
  <div class='ocr_page' id='page_1' title='image "./opera08virggoog_0132.png"; bbox 0 0 2436 3840; ppageno 0'>
   <div class='ocr_carea' id='block_1_1' title="bbox 487 164 1174 231">
    <p class='ocr_par' dir='ltr' id='par_1_1' title="bbox 487 164 1174 231">
     <span class='ocr_line' id='line_1_1' title="bbox 487 164 1174 231; baseline -0.006 -10"><span class='ocrx_word' id='word_1_1' title='bbox 487 169 510 222; x_wconf 92' lang='lat' dir='ltr'>I.</span> <span class='ocrx_word' id='word_1_2' title='bbox 536 166 585 219; x_wconf 78' lang='lat' dir='ltr'>Du</span> <span class='ocrx_word' id='word_1_3' title='bbox 603 164 756 222; x_wconf 86' lang='lat' dir='ltr'>NOMINE.</span> <span class='ocrx_word' id='word_1_4' title='bbox 1072 166 1133 231; x_wconf 85' lang='lat'>113</span> <span class='ocrx_word' id='word_1_5' title='bbox 1165 212 1174 228; x_wconf 83' lang='grc'>,</span> 
     </span>
    </p>
   </div>
   <div class='ocr_carea' id='block_1_2' title="bbox 108 319 1175 3109">
    <p class='ocr_par' dir='ltr' id='par_1_2' title="bbox 108 319 1175 3109">
     <span class='ocr_line' id='line_1_2' title="bbox 111 319 1132 402; baseline -0.003 -16"><span class='ocrx_word' id='word_1_6' title='bbox 111 341 254 402; x_wconf 80' lang='lat' dir='ltr'>uespera.</span> <span class='ocrx_word' id='word_1_7' title='bbox 295 319 471 384; x_wconf 89' lang='lat' dir='ltr'>cauendum</span> <span class='ocrx_word' id='word_1_8' title='bbox 494 323 544 384; x_wconf 87' lang='lat' dir='ltr'>est-</span> <span class='ocrx_word' id='word_1_9' title='bbox 563 322 689 401; x_wconf 88' lang='lat' dir='ltr'>tamen,</span> <span class='ocrx_word' id='word_1_10' title='bbox 716 339 757 383; x_wconf 90' lang='lat' dir='ltr'>ne</span> <span class='ocrx_word' id='word_1_11' title='bbox 779 320 836 382; x_wconf 88' lang='lat' dir='ltr'>aut</span> <span class='ocrx_word' id='word_1_12' title='bbox 856 338 966 400; x_wconf 82' lang='lat' dir='ltr'>uesper</span> <span class='ocrx_word' id='word_1_13' title='bbox 987 322 1043 382; x_wconf 88' lang='lat' dir='ltr'>aut</span> <span class='ocrx_word' id='word_1_14' title='bbox 1064 339 1132 383; x_wconf 79' lang='lat' dir='ltr'>aas·</span> 
     </span>
     <span class='ocr_line' id='line_1_3' title="bbox 108 402 1130 488; baseline -0.004 -18"><span class='ocrx_word' id='word_1_15' title='bbox 108 426 223 488; x_wconf 80' lang='lat' dir='ltr'>perum</span> <span class='ocrx_word' id='word_1_16' title='bbox 246 407 302 468; x_wconf 90' lang='lat' dir='ltr'>aut</span> <span class='ocrx_word' id='word_1_17' title='bbox 323 425 455 487; x_wconf 79' lang='lat' dir='ltr'>uespera</span> <span class='ocrx_word' id='word_1_18' title='bbox 477 405 631 488; x_wconf 82' lang='lat' dir='ltr'><strong>pluralem</strong></span> <span class='ocrx_word' id='word_1_19' title='bbox 652 424 821 468; x_wconf 89' lang='lat' dir='ltr'>numerum</span> <span class='ocrx_word' id='word_1_20' title='bbox 836 402 952 466; x_wconf 91' lang='lat' dir='ltr'>habere</span> <span class='ocrx_word' id='word_1_21' title='bbox 967 405 1130 485; x_wconf 88' lang='lat' dir='ltr'>putentur.</span> 
     </span>
     <span class='ocr_line' id='line_1_4' title="bbox 114 486 1133 572; baseline -0.001 -20"><span class='ocrx_word' id='word_1_22' title='bbox 114 489 199 553; x_wconf 90' lang='lat' dir='ltr'>unde</span> <span class='ocrx_word' id='word_1_23' title='bbox 232 490 331 552; x_wconf 91' lang='lat' dir='ltr'>miror</span> <span class='ocrx_word' id='word_1_24' title='bbox 364 490 522 572; x_wconf 90' lang='lat' dir='ltr'>quomodo</span> <span class='ocrx_word' id='word_1_25' title='bbox 556 488 685 572; x_wconf 90' lang='lat' dir='ltr'>quidam</span> <span class='ocrx_word' id='word_1_26' title='bbox 715 486 939 572; x_wconf 78' lang='lat' dir='ltr'>procacissime</span> <span class='ocrx_word' id='word_1_27' title='bbox 968 507 1061 550; x_wconf 89' lang='lat' dir='ltr'>ausus</span> <span class='ocrx_word' id='word_1_28' title='bbox 1091 488 1133 551; x_wconf 91' lang='lat' dir='ltr'>sit</span> 
     </span>
     <span class='ocr_line' id='line_1_5' title="bbox 114 571 1133 657; baseline -0.002 -21"><span class='ocrx_word' id='word_1_29' title='bbox 114 574 218 638; x_wconf 86' lang='lat' dir='ltr'>dicere</span> <span class='ocrx_word' id='word_1_30' title='bbox 233 593 393 656; x_wconf 60' lang='lat' dir='ltr'>uesperam</span> <span class='ocrx_word' id='word_1_31' title='bbox 417 577 450 638; x_wconf 89' lang='lat' dir='ltr'>et</span> <span class='ocrx_word' id='word_1_32' title='bbox 463 596 530 638; x_wconf 91' lang='lat' dir='ltr'>non</span> <span class='ocrx_word' id='word_1_33' title='bbox 544 573 648 637; x_wconf 91' lang='lat' dir='ltr'>solum</span> <span class='ocrx_word' id='word_1_34' title='bbox 663 571 820 657; x_wconf 80' lang='lat' dir='ltr'>pluralem</span> <span class='ocrx_word' id='word_1_35' title='bbox 835 593 1004 636; x_wconf 90' lang='lat' dir='ltr'>numerum</span> <span class='ocrx_word' id='word_1_36' title='bbox 1021 573 1133 634; x_wconf 89' lang='lat' dir='ltr'>contra</span> 
     </span>
     <span class='ocr_line' id='line_1_6' title="bbox 114 656 1169 741; baseline 0.002 -19"><span class='ocrx_word' id='word_1_37' title='bbox 114 680 241 722; x_wconf 90' lang='lat' dir='ltr'>omnem</span> <span class='ocrx_word' id='word_1_38' title='bbox 272 659 416 723; x_wconf 88' lang='lat' dir='ltr'>ordinem</span> <span class='ocrx_word' id='word_1_39' title='bbox 440 659 662 741; x_wconf 77' lang='lat' dir='ltr'>rationemque</span> <span class='ocrx_word' id='word_1_40' title='bbox 685 657 922 722; x_wconf 81' lang='lat' dir='ltr'>confusibiliter</span> <span class='ocrx_word' id='word_1_41' title='bbox 944 656 1132 738; x_wconf 81' lang='lat' dir='ltr'>adsumpsit,</span> <span class='ocrx_word' id='word_1_42' title='bbox 1157 685 1169 724; x_wconf 84' lang='lat'><strong>5</strong></span> 
     </span>
     <span class='ocr_line' id='line_1_7' title="bbox 113 740 1132 827; baseline -0.004 -21"><span class='ocrx_word' id='word_1_43' title='bbox 113 764 224 806; x_wconf 90' lang='lat' dir='ltr'>uerum</span> <span class='ocrx_word' id='word_1_44' title='bbox 252 743 349 806; x_wconf 89' lang='lat' dir='ltr'>etiam</span> <span class='ocrx_word' id='word_1_45' title='bbox 380 763 482 827; x_wconf 83' lang='lat' dir='ltr'>genus</span> <span class='ocrx_word' id='word_1_46' title='bbox 509 746 616 825; x_wconf 91' lang='lat' dir='ltr'>ipsum</span> <span class='ocrx_word' id='word_1_47' title='bbox 644 743 787 825; x_wconf 90' lang='lat' dir='ltr'>corrupit</span> <span class='ocrx_word' id='word_1_48' title='bbox 808 763 866 827; x_wconf 92' lang='lat' dir='ltr'>pro</span> <span class='ocrx_word' id='word_1_49' title='bbox 889 740 1030 805; x_wconf 86' lang='lat' dir='ltr'>neutrali</span> <span class='ocrx_word' id='word_1_50' title='bbox 1052 762 1132 804; x_wconf 93' lang='lat' dir='ltr'>mas-</span> 
     </span>
     <span class='ocr_line' id='line_1_8' title="bbox 115 826 1133 910; baseline -0.002 -20"><span class='ocrx_word' id='word_1_51' title='bbox 115 828 256 890; x_wconf 90' lang='lat' dir='ltr'>culinum</span> <span class='ocrx_word' id='word_1_52' title='bbox 279 848 413 910; x_wconf 89' lang='lat' dir='ltr'>ponens.</span> <span class='ocrx_word' id='word_1_53' title='bbox 451 826 506 891; x_wconf 86' lang='lat' dir='ltr'>sed</span> <span class='ocrx_word' id='word_1_54' title='bbox 528 827 712 891; x_wconf 86' lang='lat' dir='ltr'>huiusmodi</span> <span class='ocrx_word' id='word_1_55' title='bbox 734 827 798 891; x_wconf 92' lang='lat' dir='ltr'>uiri</span> <span class='ocrx_word' id='word_1_56' title='bbox 820 848 952 903; x_wconf 92' lang='lat' dir='ltr'>nomen,</span> <span class='ocrx_word' id='word_1_57' title='bbox 982 826 1057 909; x_wconf 89' lang='lat' dir='ltr'>quia</span> <span class='ocrx_word' id='word_1_58' title='bbox 1078 846 1133 888; x_wconf 81' lang='lat' dir='ltr'>no</span> 
     </span>
     <span class='ocr_line' id='line_1_9' title="bbox 113 909 1135 994; baseline -0.002 -19"><span class='ocrx_word' id='word_1_59' title='bbox 113 911 187 975; x_wconf 92' lang='lat' dir='ltr'>bilis</span> <span class='ocrx_word' id='word_1_60' title='bbox 216 915 265 974; x_wconf 91' lang='lat' dir='ltr'>est</span> <span class='ocrx_word' id='word_1_61' title='bbox 292 915 325 975; x_wconf 87' lang='lat' dir='ltr'>et</span> <span class='ocrx_word' id='word_1_62' title='bbox 352 913 430 975; x_wconf 89' lang='lat' dir='ltr'>satis</span> <span class='ocrx_word' id='word_1_63' title='bbox 453 912 558 976; x_wconf 90' lang='lat' dir='ltr'>clarus</span> <span class='ocrx_word' id='word_1_64' title='bbox 580 915 614 975; x_wconf 89' lang='lat' dir='ltr'>et</span> <span class='ocrx_word' id='word_1_65' title='bbox 636 912 745 976; x_wconf 91' lang='lat' dir='ltr'>multis</span> <span class='ocrx_word' id='word_1_66' title='bbox 767 911 851 976; x_wconf 89' lang='lat' dir='ltr'>forte</span> <span class='ocrx_word' id='word_1_67' title='bbox 874 913 942 975; x_wconf 89' lang='lat' dir='ltr'>eius</span> <span class='ocrx_word' id='word_1_68' title='bbox 965 909 1135 994; x_wconf 87' lang='lat' dir='ltr'>displiceat</span> 
     </span>
     <span class='ocr_line' id='line_1_10' title="bbox 114 994 1134 1080; baseline 0 -22"><span class='ocrx_word' id='word_1_69' title='bbox 114 995 264 1073; x_wconf 88' lang='lat' dir='ltr'>infamia,</span> <span class='ocrx_word' id='word_1_70' title='bbox 294 996 462 1061; x_wconf 89' lang='lat' dir='ltr'>manifeste</span> <span class='ocrx_word' id='word_1_71' title='bbox 492 996 626 1080; x_wconf 88' lang='lat' dir='ltr'>prodere</span> <span class='ocrx_word' id='word_1_72' title='bbox 649 996 741 1080; x_wconf 87' lang='lat' dir='ltr'>nolo,</span> <span class='ocrx_word' id='word_1_73' title='bbox 768 997 956 1080; x_wconf 88' lang='lat' dir='ltr'>praesertim</span> <span class='ocrx_word' id='word_1_74' title='bbox 979 1017 1050 1059; x_wconf 91' lang='lat' dir='ltr'>cum</span> <span class='ocrx_word' id='word_1_75' title='bbox 1073 994 1134 1059; x_wconf 93' lang='lat' dir='ltr'>hoc</span> 
     </span>
     <span class='ocr_line' id='line_1_11' title="bbox 114 1079 1172 1146; baseline 0.002 -2"><span class='ocrx_word' id='word_1_76' title='bbox 114 1081 279 1144; x_wconf 86' lang='lat' dir='ltr'>confessus</span> <span class='ocrx_word' id='word_1_77' title='bbox 308 1081 350 1144; x_wconf 91' lang='lat' dir='ltr'>sit</span> <span class='ocrx_word' id='word_1_78' title='bbox 377 1102 442 1145; x_wconf 92' lang='lat' dir='ltr'>non</span> <span class='ocrx_word' id='word_1_79' title='bbox 465 1081 568 1145; x_wconf 90' lang='lat' dir='ltr'>solum</span> <span class='ocrx_word' id='word_1_80' title='bbox 590 1081 755 1145; x_wconf 82' lang='lat' dir='ltr'>audaciter</span> <span class='ocrx_word' id='word_1_81' title='bbox 777 1081 831 1145; x_wconf 88' lang='lat' dir='ltr'>sed</span> <span class='ocrx_word' id='word_1_82' title='bbox 855 1085 887 1145; x_wconf 89' lang='lat' dir='ltr'>et</span> <span class='ocrx_word' id='word_1_83' title='bbox 908 1079 1077 1144; x_wconf 87' lang='lat' dir='ltr'>temerarie</span> <span class='ocrx_word' id='word_1_84' title='bbox 1099 1100 1133 1143; x_wconf 89' lang='lat' dir='ltr'>se</span> <span class='ocrx_word' id='word_1_85' title='bbox 1147 1108 1172 1146; x_wconf 86' lang='lat'>10</span> 
     </span>
     <span class='ocr_line' id='line_1_12' title="bbox 115 1164 1133 1248; baseline -0.001 -21"><span class='ocrx_word' id='word_1_86' title='bbox 115 1165 230 1228; x_wconf 88' lang='lat' dir='ltr'>dixisse</span> <span class='ocrx_word' id='word_1_87' title='bbox 254 1165 424 1245; x_wconf 76' lang='lat' dir='ltr'>etfaciam</span> <span class='ocrx_word' id='word_1_88' title='bbox 447 1187 537 1228; x_wconf 87' lang='lat' dir='ltr'>suam</span> <span class='ocrx_word' id='word_1_89' title='bbox 559 1166 593 1229; x_wconf 93' lang='lat' dir='ltr'>in</span> <span class='ocrx_word' id='word_1_90' title='bbox 610 1166 716 1229; x_wconf 91' lang='lat' dir='ltr'>sinum</span> <span class='ocrx_word' id='word_1_91' title='bbox 730 1187 837 1229; x_wconf 90' lang='lat' dir='ltr'>meum</span> <span class='ocrx_word' id='word_1_92' title='bbox 853 1165 1040 1248; x_wconf 84' lang='lat' dir='ltr'>porrexerit.</span> <span class='ocrx_word' id='word_1_93' title='bbox 1079 1164 1133 1227; x_wconf 91' lang='lat' dir='ltr'>sed</span> 
     </span>
     <span class='ocr_line' id='line_1_13' title="bbox 115 1248 1134 1314; baseline 0 -2"><span class='ocrx_word' id='word_1_94' title='bbox 115 1250 153 1312; x_wconf 92' lang='lat' dir='ltr'>de</span> <span class='ocrx_word' id='word_1_95' title='bbox 181 1250 241 1313; x_wconf 92' lang='lat' dir='ltr'>hoc</span> <span class='ocrx_word' id='word_1_96' title='bbox 269 1251 339 1313; x_wconf 88' lang='lat' dir='ltr'>uiro</span> <span class='ocrx_word' id='word_1_97' title='bbox 367 1251 445 1313; x_wconf 87' lang='lat' dir='ltr'>satis</span> <span class='ocrx_word' id='word_1_98' title='bbox 473 1250 516 1314; x_wconf 90' lang='lat' dir='ltr'>sit</span> <span class='ocrx_word' id='word_1_99' title='bbox 544 1249 674 1313; x_wconf 88' lang='lat' dir='ltr'>dictum.</span> <span class='ocrx_word' id='word_1_100' title='bbox 712 1254 853 1314; x_wconf 89' lang='lat' dir='ltr'>ceterum</span> <span class='ocrx_word' id='word_1_101' title='bbox 875 1252 910 1312; x_wconf 91' lang='lat' dir='ltr'>in</span> <span class='ocrx_word' id='word_1_102' title='bbox 932 1248 1134 1312; x_wconf 89' lang='lat' dir='ltr'>nominatiuo</span> 
     </span>
     <span class='ocr_line' id='line_1_14' title="bbox 116 1332 1133 1418; baseline 0 -22"><span class='ocrx_word' id='word_1_103' title='bbox 116 1355 208 1396; x_wconf 87' lang='lat' dir='ltr'>cassu</span> <span class='ocrx_word' id='word_1_104' title='bbox 231 1334 399 1397; x_wconf 88' lang='lat' dir='ltr'>scribendo</span> <span class='ocrx_word' id='word_1_105' title='bbox 424 1335 515 1397; x_wconf 90' lang='lat' dir='ltr'>multi</span> <span class='ocrx_word' id='word_1_106' title='bbox 531 1339 687 1416; x_wconf 86' lang='lat' dir='ltr'>superflue</span> <span class='ocrx_word' id='word_1_107' title='bbox 710 1338 742 1398; x_wconf 88' lang='lat' dir='ltr'>et</span> <span class='ocrx_word' id='word_1_108' title='bbox 764 1343 913 1418; x_wconf 88' lang='lat' dir='ltr'>corrupte</span> <span class='ocrx_word' id='word_1_109' title='bbox 935 1335 988 1397; x_wconf 81' lang='lat' dir='ltr'>&#39;uel</span> <span class='ocrx_word' id='word_1_110' title='bbox 1010 1332 1133 1396; x_wconf 88' lang='lat' dir='ltr'>addunt</span> 
     </span>
     <span class='ocr_line' id='line_1_15' title="bbox 115 1417 1135 1498; baseline 0 -18"><span class='ocrx_word' id='word_1_111' title='bbox 115 1419 218 1481; x_wconf 88' lang='lat' dir='ltr'>multa</span> <span class='ocrx_word' id='word_1_112' title='bbox 241 1417 292 1481; x_wconf 93' lang='lat' dir='ltr'>uel</span> <span class='ocrx_word' id='word_1_113' title='bbox 313 1419 479 1496; x_wconf 89' lang='lat' dir='ltr'>minuunt,</span> <span class='ocrx_word' id='word_1_114' title='bbox 503 1422 539 1483; x_wconf 92' lang='lat' dir='ltr'>ut</span> <span class='ocrx_word' id='word_1_115' title='bbox 554 1423 603 1483; x_wconf 89' lang='lat' dir='ltr'>est</span> <span class='ocrx_word' id='word_1_116' title='bbox 623 1420 804 1498; x_wconf 73' lang='lat' dir='ltr'>bruchium,</span> <span class='ocrx_word' id='word_1_117' title='bbox 828 1441 900 1484; x_wconf 90' lang='lat' dir='ltr'>oum</span> <span class='ocrx_word' id='word_1_118' title='bbox 920 1417 973 1482; x_wconf 91' lang='lat' dir='ltr'>hic</span> <span class='ocrx_word' id='word_1_119' title='bbox 994 1418 1015 1482; x_wconf 78' lang='lat' dir='ltr'>lc</span> <span class='ocrx_word' id='word_1_120' title='bbox 1039 1417 1135 1481; x_wconf 88' lang='lat' dir='ltr'>scribi</span> 
     </span>
     <span class='ocr_line' id='line_1_16' title="bbox 116 1503 1174 1587; baseline 0.002 -21"><span class='ocrx_word' id='word_1_121' title='bbox 116 1525 181 1566; x_wconf 89' lang='lat' dir='ltr'>non</span> <span class='ocrx_word' id='word_1_122' title='bbox 206 1503 309 1566; x_wconf 85' lang='lat' dir='ltr'>debet.</span> <span class='ocrx_word' id='word_1_123' title='bbox 353 1503 446 1568; x_wconf 91' lang='lat' dir='ltr'>multi</span> <span class='ocrx_word' id='word_1_124' title='bbox 470 1504 567 1568; x_wconf 89' lang='lat' dir='ltr'>etiam</span> <span class='ocrx_word' id='word_1_125' title='bbox 590 1503 703 1567; x_wconf 91' lang='lat' dir='ltr'>dicunt</span> <span class='ocrx_word' id='word_1_126' title='bbox 722 1505 821 1587; x_wconf 70' lang='lat' dir='ltr'>fillius</span> <span class='ocrx_word' id='word_1_127' title='bbox 843 1525 901 1587; x_wconf 94' lang='lat' dir='ltr'>pro</span> <span class='ocrx_word' id='word_1_128' title='bbox 925 1524 962 1567; x_wconf 91' lang='lat' dir='ltr'>eo</span> <span class='ocrx_word' id='word_1_129' title='bbox 986 1503 1070 1586; x_wconf 91' lang='lat' dir='ltr'>quod</span> <span class='ocrx_word' id='word_1_130' title='bbox 1092 1503 1136 1567; x_wconf 90' lang='lat' dir='ltr'>sit</span> <span class='ocrx_word' id='word_1_131' title='bbox 1148 1526 1174 1568; x_wconf 76' lang='lat'>15</span> 
     </span>
     <span class='ocr_line' id='line_1_17' title="bbox 114 1587 1135 1673; baseline -0.002 -21"><span class='ocrx_word' id='word_1_132' title='bbox 114 1589 214 1670; x_wconf 68' lang='lat' dir='ltr'>plius:</span> <span class='ocrx_word' id='word_1_133' title='bbox 244 1590 325 1651; x_wconf 89' lang='lat' dir='ltr'>sicut</span> <span class='ocrx_word' id='word_1_134' title='bbox 354 1587 587 1652; x_wconf 89' lang='lat' dir='ltr'>Maceronto</span> <span class='ocrx_word' id='word_1_135' title='bbox 614 1608 747 1672; x_wconf 77' lang='lat' dir='ltr'>gracum</span> <span class='ocrx_word' id='word_1_136' title='bbox 778 1589 969 1673; x_wconf 89' lang='lat' dir='ltr'>discipulus,</span> <span class='ocrx_word' id='word_1_137' title='bbox 1000 1607 1135 1651; x_wconf 86' lang='lat' dir='ltr'>monens</span> 
     </span>
     <span class='ocr_line' id='line_1_18' title="bbox 114 1672 1137 1756; baseline 0.002 -22"><span class='ocrx_word' id='word_1_138' title='bbox 114 1674 257 1735; x_wconf 92' lang='lat' dir='ltr'>nondum</span> <span class='ocrx_word' id='word_1_139' title='bbox 272 1674 434 1756; x_wconf 83' lang='lat' dir='ltr'>integrum</span> <span class='ocrx_word' id='word_1_140' title='bbox 450 1672 638 1755; x_wconf 88' lang='lat' dir='ltr'>discipulos,</span> <span class='ocrx_word' id='word_1_141' title='bbox 657 1673 754 1736; x_wconf 91' lang='lat' dir='ltr'>immo</span> <span class='ocrx_word' id='word_1_142' title='bbox 771 1695 902 1739; x_wconf 90' lang='lat' dir='ltr'>monere</span> <span class='ocrx_word' id='word_1_143' title='bbox 917 1673 1038 1735; x_wconf 88' lang='lat' dir='ltr'>audens</span> <span class='ocrx_word' id='word_1_144' title='bbox 1054 1675 1086 1736; x_wconf 90' lang='lat' dir='ltr'>et</span> <span class='ocrx_word' id='word_1_145' title='bbox 1100 1675 1137 1736; x_wconf 93' lang='lat' dir='ltr'>ut</span> 
     </span>
     <span class='ocr_line' id='line_1_19' title="bbox 115 1756 1137 1841; baseline 0.002 -23"><span class='ocrx_word' id='word_1_146' title='bbox 115 1759 232 1820; x_wconf 87' lang='lat' dir='ltr'>rectius</span> <span class='ocrx_word' id='word_1_147' title='bbox 261 1756 365 1819; x_wconf 87' lang='lat' dir='ltr'>dicam</span> <span class='ocrx_word' id='word_1_148' title='bbox 392 1777 596 1840; x_wconf 89' lang='lat' dir='ltr'>corrumpens</span> <span class='ocrx_word' id='word_1_149' title='bbox 614 1758 713 1839; x_wconf 72' lang='lat' dir='ltr'>fillius</span> <span class='ocrx_word' id='word_1_150' title='bbox 734 1759 841 1841; x_wconf 90' lang='lat' dir='ltr'>inquit</span> <span class='ocrx_word' id='word_1_151' title='bbox 862 1776 948 1821; x_wconf 82' lang='lat' dir='ltr'>meus</span> <span class='ocrx_word' id='word_1_152' title='bbox 970 1775 1001 1821; x_wconf 87' lang='lat' dir='ltr'>es</span> <span class='ocrx_word' id='word_1_153' title='bbox 1022 1761 1066 1822; x_wconf 80' lang='lat' dir='ltr'>tu.</span> <span class='ocrx_word' id='word_1_154' title='bbox 1104 1759 1137 1820; x_wconf 88' lang='lat' dir='ltr'>ct</span> 
     </span>
     <span class='ocr_line' id='line_1_20' title="bbox 118 1839 1135 1924; baseline 0.001 -22"><span class='ocrx_word' id='word_1_155' title='bbox 118 1841 217 1904; x_wconf 91' lang='lat' dir='ltr'>miror</span> <span class='ocrx_word' id='word_1_156' title='bbox 231 1840 315 1903; x_wconf 92' lang='lat' dir='ltr'>unde</span> <span class='ocrx_word' id='word_1_157' title='bbox 330 1841 341 1904; x_wconf 89' lang='lat' dir='ltr'>l</span> <span class='ocrx_word' id='word_1_158' title='bbox 356 1840 477 1904; x_wconf 89' lang='lat' dir='ltr'>addidit</span> <span class='ocrx_word' id='word_1_159' title='bbox 493 1841 527 1903; x_wconf 93' lang='lat' dir='ltr'>in</span> <span class='ocrx_word' id='word_1_160' title='bbox 542 1842 745 1905; x_wconf 90' lang='lat' dir='ltr'>nominatiuo</span> <span class='ocrx_word' id='word_1_161' title='bbox 761 1862 852 1905; x_wconf 89' lang='lat' dir='ltr'>cassu</span> <span class='ocrx_word' id='word_1_162' title='bbox 867 1839 1042 1924; x_wconf 85' lang='lat' dir='ltr'>singulari,</span> <span class='ocrx_word' id='word_1_163' title='bbox 1064 1860 1135 1903; x_wconf 91' lang='lat' dir='ltr'>cum</span> 
     </span>
     <span class='ocr_line' id='line_1_21' title="bbox 114 1924 1174 2009; baseline -0.001 -20"><span class='ocrx_word' id='word_1_164' title='bbox 114 1926 149 1989; x_wconf 93' lang='lat' dir='ltr'>in</span> <span class='ocrx_word' id='word_1_165' title='bbox 171 1924 291 2009; x_wconf 89' lang='lat' dir='ltr'>plurali</span> <span class='ocrx_word' id='word_1_166' title='bbox 309 1947 441 1990; x_wconf 88' lang='lat' dir='ltr'>numero</span> <span class='ocrx_word' id='word_1_167' title='bbox 461 1926 545 1989; x_wconf 90' lang='lat' dir='ltr'>siout</span> <span class='ocrx_word' id='word_1_168' title='bbox 566 1926 657 1989; x_wconf 86' lang='lat' dir='ltr'>decet</span> <span class='ocrx_word' id='word_1_169' title='bbox 679 1925 843 2009; x_wconf 86' lang='lat' dir='ltr'>scripserit</span> <span class='ocrx_word' id='word_1_170' title='bbox 857 1943 965 1989; x_wconf 75' lang='lat' dir='ltr'>moneo</span> <span class='ocrx_word' id='word_1_171' title='bbox 979 1944 1051 2007; x_wconf 81' lang='lat' dir='ltr'>uos,</span> <span class='ocrx_word' id='word_1_172' title='bbox 1073 1925 1135 2007; x_wconf 71' lang='lat' dir='ltr'>filit</span> <span class='ocrx_word' id='word_1_173' title='bbox 1148 1949 1174 1988; x_wconf 86' lang='lat' dir='ltr'>rr</span> 
     </span>
     <span class='ocr_line' id='line_1_22' title="bbox 115 2008 1136 2094; baseline -0.003 -19"><span class='ocrx_word' id='word_1_174' title='bbox 115 2013 185 2075; x_wconf 81' lang='lat' dir='ltr'>met.</span> <span class='ocrx_word' id='word_1_175' title='bbox 220 2010 332 2073; x_wconf 90' lang='lat' dir='ltr'>dicunt</span> <span class='ocrx_word' id='word_1_176' title='bbox 347 2011 467 2074; x_wconf 89' lang='lat' dir='ltr'>etenim</span> <span class='ocrx_word' id='word_1_177' title='bbox 483 2030 572 2075; x_wconf 76' lang='lat' dir='ltr'>cerus</span> <span class='ocrx_word' id='word_1_178' title='bbox 586 2031 644 2094; x_wconf 93' lang='lat' dir='ltr'>pro</span> <span class='ocrx_word' id='word_1_179' title='bbox 660 2030 787 2090; x_wconf 79' lang='lat' dir='ltr'>cercocs;</span> <span class='ocrx_word' id='word_1_180' title='bbox 810 2010 902 2074; x_wconf 87' lang='lat' dir='ltr'>etsie</span> <span class='ocrx_word' id='word_1_181' title='bbox 917 2014 1025 2072; x_wconf 87' lang='lat' dir='ltr'>tamen</span> <span class='ocrx_word' id='word_1_182' title='bbox 1041 2008 1136 2072; x_wconf 91' lang='lat' dir='ltr'>decli·</span> 
     </span>
     <span class='ocr_line' id='line_1_23' title="bbox 115 2095 1136 2180; baseline -0.001 -22"><span class='ocrx_word' id='word_1_183' title='bbox 115 2098 196 2159; x_wconf 91' lang='lat' dir='ltr'>nant</span> <span class='ocrx_word' id='word_1_184' title='bbox 210 2096 295 2160; x_wconf 70' lang='lat' dir='ltr'>cerco</span> <span class='ocrx_word' id='word_1_185' title='bbox 309 2115 399 2160; x_wconf 77' lang='lat' dir='ltr'>cerco</span> <span class='ocrx_word' id='word_1_186' title='bbox 415 2098 447 2159; x_wconf 90' lang='lat' dir='ltr'>et</span> <span class='ocrx_word' id='word_1_187' title='bbox 462 2100 583 2178; x_wconf 82' lang='lat' dir='ltr'>cetera3</span> <span class='ocrx_word' id='word_1_188' title='bbox 607 2098 640 2159; x_wconf 91' lang='lat' dir='ltr'>et</span> <span class='ocrx_word' id='word_1_189' title='bbox 659 2099 769 2160; x_wconf 89' lang='lat' dir='ltr'>tamen</span> <span class='ocrx_word' id='word_1_190' title='bbox 785 2095 990 2180; x_wconf 83' lang='lat' dir='ltr'>peregrinum</span> <span class='ocrx_word' id='word_1_191' title='bbox 1005 2096 1136 2177; x_wconf 88' lang='lat' dir='ltr'>tamque</span> 
     </span>
     <span class='ocr_line' id='line_1_24' title="bbox 115 2180 1136 2264; baseline -0.001 -20"><span class='ocrx_word' id='word_1_192' title='bbox 115 2181 284 2244; x_wconf 89' lang='lat' dir='ltr'>barbarum</span> <span class='ocrx_word' id='word_1_193' title='bbox 303 2183 368 2261; x_wconf 85' lang='lat' dir='ltr'>est,</span> <span class='ocrx_word' id='word_1_194' title='bbox 392 2184 429 2245; x_wconf 88' lang='lat' dir='ltr'>ut</span> <span class='ocrx_word' id='word_1_195' title='bbox 444 2181 527 2245; x_wconf 86' lang='lat' dir='ltr'>unde</span> <span class='ocrx_word' id='word_1_196' title='bbox 542 2180 677 2244; x_wconf 87' lang='lat' dir='ltr'>allatum</span> <span class='ocrx_word' id='word_1_197' title='bbox 692 2186 755 2262; x_wconf 88' lang='lat' dir='ltr'>cst,</span> <span class='ocrx_word' id='word_1_198' title='bbox 778 2180 926 2264; x_wconf 81' lang='lat' dir='ltr'>intellegi</span> <span class='ocrx_word' id='word_1_199' title='bbox 943 2200 1010 2244; x_wconf 91' lang='lat' dir='ltr'>non</span> <span class='ocrx_word' id='word_1_200' title='bbox 1024 2180 1136 2262; x_wconf 86' lang='lat' dir='ltr'>possit.</span> 
     </span>
     <span class='ocr_line' id='line_1_25' title="bbox 200 2264 1133 2348; baseline -0.001 -20"><span class='ocrx_word' id='word_1_201' title='bbox 200 2265 296 2328; x_wconf 91' lang='lat' dir='ltr'>Nunc</span> <span class='ocrx_word' id='word_1_202' title='bbox 323 2266 361 2328; x_wconf 88' lang='lat' dir='ltr'>dc</span> <span class='ocrx_word' id='word_1_203' title='bbox 389 2266 540 2348; x_wconf 85' lang='lat' dir='ltr'>genetiuo</span> <span class='ocrx_word' id='word_1_204' title='bbox 563 2287 663 2329; x_wconf 88' lang='lat' dir='ltr'>cassu.</span> <span class='ocrx_word' id='word_1_205' title='bbox 706 2266 811 2329; x_wconf 91' lang='lat' dir='ltr'>omnis</span> <span class='ocrx_word' id='word_1_206' title='bbox 833 2264 1002 2347; x_wconf 81' lang='lat' dir='ltr'>genetiuus</span> <span class='ocrx_word' id='word_1_207' title='bbox 1025 2284 1133 2328; x_wconf 90' lang='lat' dir='ltr'>cassus</span> 
     </span>
     <span class='ocr_line' id='line_1_26' title="bbox 116 2348 1172 2434; baseline 0.005 -25"><span class='ocrx_word' id='word_1_208' title='bbox 116 2349 185 2410; x_wconf 82' lang='lat' dir='ltr'>ini</span> <span class='ocrx_word' id='word_1_209' title='bbox 206 2348 333 2411; x_wconf 90' lang='lat' dir='ltr'>literam</span> <span class='ocrx_word' id='word_1_210' title='bbox 361 2350 567 2427; x_wconf 88' lang='lat' dir='ltr'>terminatus,</span> <span class='ocrx_word' id='word_1_211' title='bbox 597 2350 712 2414; x_wconf 87' lang='lat' dir='ltr'>dubius</span> <span class='ocrx_word' id='word_1_212' title='bbox 735 2352 801 2434; x_wconf 86' lang='lat' dir='ltr'>est,</span> <span class='ocrx_word' id='word_1_213' title='bbox 828 2355 885 2415; x_wconf 87' lang='lat' dir='ltr'>aut</span> <span class='ocrx_word' id='word_1_214' title='bbox 907 2351 994 2413; x_wconf 88' lang='lat' dir='ltr'>enim</span> <span class='ocrx_word' id='word_1_215' title='bbox 1015 2349 1133 2434; x_wconf 81' lang='lat' dir='ltr'>longus</span> <span class='ocrx_word' id='word_1_216' title='bbox 1147 2373 1172 2414; x_wconf 76' lang='lat' dir='ltr'>aa</span> 
     </span>
     <span class='ocr_line' id='line_1_27' title="bbox 118 2432 1136 2518; baseline 0.003 -25"><span class='ocrx_word' id='word_1_217' title='bbox 118 2434 174 2493; x_wconf 89' lang='lat' dir='ltr'>aut</span> <span class='ocrx_word' id='word_1_218' title='bbox 203 2432 309 2494; x_wconf 91' lang='lat' dir='ltr'>breuis</span> <span class='ocrx_word' id='word_1_219' title='bbox 343 2435 405 2495; x_wconf 91' lang='lat' dir='ltr'>est:</span> <span class='ocrx_word' id='word_1_220' title='bbox 437 2433 552 2515; x_wconf 84' lang='lat' dir='ltr'>longus</span> <span class='ocrx_word' id='word_1_221' title='bbox 580 2433 698 2515; x_wconf 90' lang='lat' dir='ltr'>quiin</span> <span class='ocrx_word' id='word_1_222' title='bbox 724 2436 739 2498; x_wconf 81' lang='lat' dir='ltr'>c‘</span> <span class='ocrx_word' id='word_1_223' title='bbox 765 2434 925 2518; x_wconf 89' lang='lat' dir='ltr'>duplicem</span> <span class='ocrx_word' id='word_1_224' title='bbox 954 2435 1072 2498; x_wconf 91' lang='lat' dir='ltr'>desinit</span> <span class='ocrx_word' id='word_1_225' title='bbox 1100 2435 1136 2496; x_wconf 90' lang='lat' dir='ltr'>ut</span> 
     </span>
     <span class='ocr_line' id='line_1_28' title="bbox 119 2515 1137 2599; baseline 0.001 -20"><span class='ocrx_word' id='word_1_226' title='bbox 119 2516 236 2595; x_wconf 78' lang='lat' dir='ltr'>bracii,</span> <span class='ocrx_word' id='word_1_227' title='bbox 258 2516 332 2597; x_wconf 69' lang='lat' dir='ltr'>Jtlc&#39;c‘,</span> <span class='ocrx_word' id='word_1_228' title='bbox 352 2516 452 2596; x_wconf 77' lang='lat' dir='ltr'>potii,</span> <span class='ocrx_word' id='word_1_229' title='bbox 475 2515 582 2579; x_wconf 89' lang='lat' dir='ltr'>breuis</span> <span class='ocrx_word' id='word_1_230' title='bbox 605 2517 713 2599; x_wconf 91' lang='lat' dir='ltr'>quiin</span> <span class='ocrx_word' id='word_1_231' title='bbox 734 2539 832 2581; x_wconf 90' lang='lat' dir='ltr'>unam</span> <span class='ocrx_word' id='word_1_232' title='bbox 854 2519 1046 2582; x_wconf 89' lang='lat' dir='ltr'>terminatur</span> <span class='ocrx_word' id='word_1_233' title='bbox 1066 2519 1080 2581; x_wconf 81' lang='lat' dir='ltr'>i</span> <span class='ocrx_word' id='word_1_234' title='bbox 1099 2519 1137 2580; x_wconf 93' lang='lat' dir='ltr'>ut</span> 
     </span>
     <span class='ocr_line' id='line_1_29' title="bbox 118 2600 1137 2682; baseline -0.002 -18"><span class='ocrx_word' id='word_1_235' title='bbox 118 2601 214 2677; x_wconf 79' lang='lat' dir='ltr'>docti,</span> <span class='ocrx_word' id='word_1_236' title='bbox 236 2600 318 2680; x_wconf 78' lang='lat' dir='ltr'>stili,</span> <span class='ocrx_word' id='word_1_237' title='bbox 341 2601 440 2682; x_wconf 58' lang='lat' dir='ltr'>Noai,</span> <span class='ocrx_word' id='word_1_238' title='bbox 468 2600 544 2664; x_wconf 90' lang='lat' dir='ltr'>licet</span> <span class='ocrx_word' id='word_1_239' title='bbox 559 2600 706 2664; x_wconf 91' lang='lat' dir='ltr'>nonnulli</span> <span class='ocrx_word' id='word_1_240' title='bbox 721 2602 894 2665; x_wconf 87' lang='lat' dir='ltr'>aestiment</span> <span class='ocrx_word' id='word_1_241' title='bbox 909 2600 996 2664; x_wconf 91' lang='lat' dir='ltr'>huno</span> <span class='ocrx_word' id='word_1_242' title='bbox 1012 2620 1137 2663; x_wconf 88' lang='lat' dir='ltr'>cassum</span> 
     </span>
     <span class='ocr_line' id='line_1_30' title="bbox 120 2684 1136 2770; baseline 0.001 -23"><span class='ocrx_word' id='word_1_243' title='bbox 120 2685 382 2768; x_wconf 90' lang='lat' dir='ltr'>quotiescumque</span> <span class='ocrx_word' id='word_1_244' title='bbox 398 2684 431 2748; x_wconf 94' lang='lat' dir='ltr'>in</span> <span class='ocrx_word' id='word_1_245' title='bbox 447 2685 675 2764; x_wconf 82' lang='lat' dir='ltr'>iterminatur,</span> <span class='ocrx_word' id='word_1_246' title='bbox 692 2685 807 2750; x_wconf 89' lang='lat' dir='ltr'>debere</span> <span class='ocrx_word' id='word_1_247' title='bbox 823 2686 954 2770; x_wconf 85' lang='lat' dir='ltr'>longum</span> <span class='ocrx_word' id='word_1_248' title='bbox 968 2684 1052 2763; x_wconf 80' lang='lat' dir='ltr'>fieri3</span> <span class='ocrx_word' id='word_1_249' title='bbox 1076 2705 1136 2748; x_wconf 89' lang='lat' dir='ltr'>nos</span> 
     </span>
     <span class='ocr_line' id='line_1_31' title="bbox 118 2769 1175 2853; baseline 0.003 -22"><span class='ocrx_word' id='word_1_250' title='bbox 118 2774 268 2832; x_wconf 86' lang='lat' dir='ltr'>naturam</span> <span class='ocrx_word' id='word_1_251' title='bbox 300 2769 495 2852; x_wconf 85' lang='lat' dir='ltr'>syllabarum</span> <span class='ocrx_word' id='word_1_252' title='bbox 524 2774 556 2834; x_wconf 89' lang='lat' dir='ltr'>et</span> <span class='ocrx_word' id='word_1_253' title='bbox 583 2773 766 2853; x_wconf 90' lang='lat' dir='ltr'>temporum</span> <span class='ocrx_word' id='word_1_254' title='bbox 793 2770 828 2833; x_wconf 92' lang='lat' dir='ltr'>in</span> <span class='ocrx_word' id='word_1_255' title='bbox 857 2771 917 2833; x_wconf 87' lang='lat' dir='ltr'>hoc</span> <span class='ocrx_word' id='word_1_256' title='bbox 947 2789 1042 2852; x_wconf 89' lang='lat' dir='ltr'>opere</span> <span class='ocrx_word' id='word_1_257' title='bbox 1071 2789 1137 2832; x_wconf 91' lang='lat' dir='ltr'>non</span> <span class='ocrx_word' id='word_1_258' title='bbox 1150 2792 1175 2834; x_wconf 82' lang='lat' dir='ltr'>ao</span> 
     </span>
     <span class='ocr_line' id='line_1_32' title="bbox 118 2853 1137 2938; baseline 0.003 -22"><span class='ocrx_word' id='word_1_259' title='bbox 118 2854 342 2929; x_wconf 88' lang='lat' dir='ltr'>discernimus,</span> <span class='ocrx_word' id='word_1_260' title='bbox 366 2853 421 2917; x_wconf 88' lang='lat' dir='ltr'>sed</span> <span class='ocrx_word' id='word_1_261' title='bbox 443 2854 633 2938; x_wconf 88' lang='lat' dir='ltr'>simpliciter</span> <span class='ocrx_word' id='word_1_262' title='bbox 655 2855 840 2920; x_wconf 89' lang='lat' dir='ltr'>disserimus</span> <span class='ocrx_word' id='word_1_263' title='bbox 855 2854 1013 2938; x_wconf 90' lang='lat' dir='ltr'>quomodo</span> <span class='ocrx_word' id='word_1_264' title='bbox 1028 2875 1137 2919; x_wconf 88' lang='lat' dir='ltr'>cassus</span> 
     </span>
     <span class='ocr_line' id='line_1_33' title="bbox 118 2938 1137 3025; baseline 0.004 -25"><span class='ocrx_word' id='word_1_265' title='bbox 118 2938 180 3020; x_wconf 91' lang='lat' dir='ltr'>ipsi</span> <span class='ocrx_word' id='word_1_266' title='bbox 202 2938 345 3021; x_wconf 87' lang='lat' dir='ltr'>ponendi</span> <span class='ocrx_word' id='word_1_267' title='bbox 365 2943 448 3003; x_wconf 88' lang='lat' dir='ltr'>sunt.</span> <span class='ocrx_word' id='word_1_268' title='bbox 481 2961 549 3004; x_wconf 92' lang='lat' dir='ltr'>non</span> <span class='ocrx_word' id='word_1_269' title='bbox 564 2939 651 3004; x_wconf 90' lang='lat' dir='ltr'>enim</span> <span class='ocrx_word' id='word_1_270' title='bbox 666 2939 742 3024; x_wconf 88' lang='lat' dir='ltr'>quia</span> <span class='ocrx_word' id='word_1_271' title='bbox 756 2939 927 3025; x_wconf 85' lang='lat' dir='ltr'>genetiuus</span> <span class='ocrx_word' id='word_1_272' title='bbox 943 2960 1049 3004; x_wconf 88' lang='lat' dir='ltr'>cassus</span> <span class='ocrx_word' id='word_1_273' title='bbox 1064 2960 1137 3023; x_wconf 91' lang='lat' dir='ltr'>pro·</span> 
     </span>
     <span class='ocr_line' id='line_1_34' title="bbox 119 3023 1138 3109; baseline 0.003 -24"><span class='ocrx_word' id='word_1_274' title='bbox 119 3023 190 3086; x_wconf 89' lang='lat' dir='ltr'>duci</span> <span class='ocrx_word' id='word_1_275' title='bbox 214 3023 345 3104; x_wconf 89' lang='lat' dir='ltr'>dicitur,</span> <span class='ocrx_word' id='word_1_276' title='bbox 368 3023 487 3088; x_wconf 88' lang='lat' dir='ltr'>idcirco</span> <span class='ocrx_word' id='word_1_277' title='bbox 510 3045 568 3106; x_wconf 89' lang='lat' dir='ltr'>per</span> <span class='ocrx_word' id='word_1_278' title='bbox 590 3023 828 3109; x_wconf 87' lang='lat' dir='ltr'>longitudinem</span> <span class='ocrx_word' id='word_1_279' title='bbox 843 3028 1025 3107; x_wconf 87' lang='lat' dir='ltr'>temporum</span> <span class='ocrx_word' id='word_1_280' title='bbox 1040 3025 1138 3088; x_wconf 89' lang='lat' dir='ltr'>etiam</span> 
     </span>
    </p>
   </div>
   <div class='ocr_carea' id='block_1_3' title="bbox 119 3192 1138 3363">
    <p class='ocr_par' dir='ltr' id='par_1_3' title="bbox 119 3192 1138 3363">
     <span class='ocr_line' id='line_1_35' title="bbox 188 3192 1138 3306; baseline 0.001 -29"><span class='ocrx_word' id='word_1_281' title='bbox 188 3232 199 3277; x_wconf 95' lang='lat'>1</span> <span class='ocrx_word' id='word_1_282' title='bbox 219 3232 352 3293; x_wconf 56' lang='lat' dir='ltr'>vespera}</span> <span class='ocrx_word' id='word_1_283' title='bbox 367 3222 405 3301; x_wconf 34' lang='lat' dir='ltr'>‚N</span> <span class='ocrx_word' id='word_1_284' title='bbox 414 3224 423 3291; x_wconf 92' lang='grc' dir='ltr'>ΙΙ</span> <span class='ocrx_word' id='word_1_285' title='bbox 438 3229 469 3277; x_wconf 89' lang='grc'>10</span> <span class='ocrx_word' id='word_1_286' title='bbox 480 3224 650 3306; x_wconf 73' lang='lat' dir='ltr'>temerariae</span> <span class='ocrx_word' id='word_1_287' title='bbox 661 3222 695 3280; x_wconf 88' lang='lat' dir='ltr'><strong><em>N</em></strong></span> <span class='ocrx_word' id='word_1_288' title='bbox 704 3227 714 3295; x_wconf 84' lang='grc' dir='ltr'>ΙΙ</span> <span class='ocrx_word' id='word_1_289' title='bbox 728 3233 759 3280; x_wconf 84' lang='grc'>13</span> <span class='ocrx_word' id='word_1_290' title='bbox 771 3225 931 3306; x_wconf 85' lang='lat' dir='ltr'>superfluae</span> <span class='ocrx_word' id='word_1_291' title='bbox 944 3224 978 3279; x_wconf 89' lang='lat' dir='ltr'><strong><em>N</em></strong></span> <span class='ocrx_word' id='word_1_292' title='bbox 986 3225 996 3293; x_wconf 83' lang='grc' dir='ltr'>ΙΙ</span> <span class='ocrx_word' id='word_1_293' title='bbox 1010 3230 1041 3278; x_wconf 80' lang='grc'>15</span> <span class='ocrx_word' id='word_1_294' title='bbox 1054 3192 1138 3306; x_wconf 65' lang='lat' dir='ltr'>fillius</span> 
     </span>
     <span class='ocr_line' id='line_1_36' title="bbox 119 3291 1138 3363; baseline -0.001 -17"><span class='ocrx_word' id='word_1_295' title='bbox 119 3291 153 3346; x_wconf 89' lang='lat' dir='ltr'><strong><em>N</em></strong></span> <span class='ocrx_word' id='word_1_296' title='bbox 160 3292 171 3360; x_wconf 84' lang='grc' dir='ltr'>ΙΙ</span> <span class='ocrx_word' id='word_1_297' title='bbox 187 3297 216 3344; x_wconf 83' lang='grc'>16</span> <span class='ocrx_word' id='word_1_298' title='bbox 234 3291 352 3346; x_wconf 86' lang='lat' dir='ltr'>macedo</span> <span class='ocrx_word' id='word_1_299' title='bbox 365 3292 439 3345; x_wconf 86' lang='lat' dir='ltr'>mter</span> <span class='ocrx_word' id='word_1_300' title='bbox 451 3307 568 3361; x_wconf 81' lang='lat' dir='ltr'>graecos</span> <span class='ocrx_word' id='word_1_301' title='bbox 581 3291 733 3363; x_wconf 83' lang='lat' dir='ltr'>drsorpulos</span> <span class='ocrx_word' id='word_1_302' title='bbox 746 3309 816 3349; x_wconf 78' lang='lat' dir='ltr'>coac.</span> <span class='ocrx_word' id='word_1_303' title='bbox 830 3293 934 3348; x_wconf 79' lang='lat' dir='ltr'>Hurtel</span> <span class='ocrx_word' id='word_1_304' title='bbox 946 3294 956 3361; x_wconf 78' lang='lat' dir='ltr'>ll</span> <span class='ocrx_word' id='word_1_305' title='bbox 971 3297 1001 3346; x_wconf 75' lang='lat'>17</span> <span class='ocrx_word' id='word_1_306' title='bbox 1014 3291 1138 3358; x_wconf 61' lang='lat' dir='ltr'>aurigena</span> 
     </span>
    </p>
   </div>
   <div class='ocr_carea' id='block_1_4' title="bbox 119 3372 1138 3515">
    <p class='ocr_par' dir='ltr' id='par_1_4' title="bbox 119 3372 1138 3515">
     <span class='ocr_line' id='line_1_37' title="bbox 119 3372 1138 3515; baseline 0.003 -71"><span class='ocrx_word' id='word_1_307' title='bbox 119 3391 153 3445; x_wconf 92' lang='lat' dir='ltr'><strong><em>N</em></strong></span> <span class='ocrx_word' id='word_1_308' title='bbox 167 3394 171 3460; x_wconf 81' lang='grc' dir='ltr'>Ι</span> <span class='ocrx_word' id='word_1_309' title='bbox 184 3397 215 3445; x_wconf 77' lang='lat'>21</span> <span class='ocrx_word' id='word_1_310' title='bbox 235 3372 450 3515; x_wconf 32' lang='lat' dir='ltr'>obus-qqeruus</span> <span class='ocrx_word' id='word_1_311' title='bbox 461 3394 495 3448; x_wconf 93' lang='lat' dir='ltr'><strong><em>N</em></strong></span> <span class='ocrx_word' id='word_1_312' title='bbox 504 3395 514 3462; x_wconf 84' lang='grc' dir='ltr'>ΙΙ</span> <span class='ocrx_word' id='word_1_313' title='bbox 527 3400 559 3446; x_wconf 78' lang='lat'>22</span> <span class='ocrx_word' id='word_1_314' title='bbox 572 3397 718 3463; x_wconf 89' lang='lat' dir='ltr'>tamquam</span> <span class='ocrx_word' id='word_1_315' title='bbox 727 3395 761 3449; x_wconf 92' lang='lat' dir='ltr'><strong><em>N</em></strong></span> <span class='ocrx_word' id='word_1_316' title='bbox 770 3396 780 3463; x_wconf 91' lang='grc' dir='ltr'>ΙΙ</span> <span class='ocrx_word' id='word_1_317' title='bbox 793 3401 826 3449; x_wconf 81' lang='lat'>24</span> <span class='ocrx_word' id='word_1_318' title='bbox 838 3409 918 3449; x_wconf 70' lang='lat' dir='ltr'>cassu</span> <span class='ocrx_word' id='word_1_319' title='bbox 928 3394 962 3448; x_wconf 92' lang='lat' dir='ltr'><strong><em>N</em></strong></span> <span class='ocrx_word' id='word_1_320' title='bbox 970 3394 980 3462; x_wconf 95' lang='lat' dir='ltr'>l</span> <span class='ocrx_word' id='word_1_321' title='bbox 993 3399 1025 3449; x_wconf 76' lang='lat'>26</span> <span class='ocrx_word' id='word_1_322' title='bbox 1038 3393 1138 3447; x_wconf 89' lang='lat' dir='ltr'>ductus</span> 
     </span>
     <span class='ocr_line' id='line_1_38' title="bbox 312 3477 333 3512; baseline 0 0"><span class='ocrx_word' id='word_1_323' title='bbox 312 3477 333 3512; x_wconf 85' lang='lat'>11</span> 
     </span>
    </p>
   </div>
   <div class='ocr_carea' id='block_1_5' title="bbox 119 3460 951 3602">
    <p class='ocr_par' dir='ltr' id='par_1_5' title="bbox 119 3460 951 3602">
     <span class='ocr_line' id='line_1_39' title="bbox 119 3460 873 3531; baseline 0.007 -17"><span class='ocrx_word' id='word_1_324' title='bbox 119 3460 153 3514; x_wconf 91' lang='lat' dir='ltr'><strong><em>N</em></strong></span> <span class='ocrx_word' id='word_1_325' title='bbox 184 3460 311 3526; x_wconf 77' lang='lat' dir='ltr'>27bra{o</span> <span class='ocrx_word' id='word_1_326' title='bbox 377 3463 432 3529; x_wconf 73' lang='lat'>{128</span> <span class='ocrx_word' id='word_1_327' title='bbox 445 3461 510 3515; x_wconf 91' lang='lat' dir='ltr'>dom</span> <span class='ocrx_word' id='word_1_328' title='bbox 524 3461 558 3516; x_wconf 91' lang='lat' dir='ltr'><strong><em>N</em></strong></span> <span class='ocrx_word' id='word_1_329' title='bbox 566 3462 622 3531; x_wconf 64' lang='lat' dir='ltr'>flat</span> <span class='ocrx_word' id='word_1_330' title='bbox 640 3478 817 3531; x_wconf 89' lang='lat' dir='ltr'>quocumque</span> <span class='ocrx_word' id='word_1_331' title='bbox 835 3463 873 3521; x_wconf 87' lang='lat' dir='ltr'>N.</span> 
     </span>
     <span class='ocr_line' id='line_1_40' title="bbox 171 3552 951 3602; baseline 0.008 -10"><span class='ocrx_word' id='word_1_332' title='bbox 171 3553 249 3602; x_wconf 74' lang='lat' dir='ltr'>virgil</span> <span class='ocrx_word' id='word_1_333' title='bbox 263 3555 298 3596; x_wconf 87' lang='lat' dir='ltr'>ed.</span> <span class='ocrx_word' id='word_1_334' title='bbox 311 3556 418 3599; x_wconf 82' lang='lat' dir='ltr'>Enemcr.</span> <span class='ocrx_word' id='word_1_335' title='bbox 928 3552 951 3598; x_wconf 57' lang='lat' dir='ltr'>Q</span> 
     </span>
    </p>
   </div>
   <div class='ocr_carea' id='block_1_6' title="bbox 0 0 1229 3840">
    <p class='ocr_par' dir='ltr' id='par_1_6' title="bbox 0 0 1229 3840">
     <span class='ocr_line' id='line_1_41' title="bbox 0 0 1229 3840; baseline 0 0"><span class='ocrx_word' id='word_1_336' title='bbox 0 0 1229 3840; x_wconf 95' lang='lat' dir='ltr'> </span> 
     </span>
    </p>
   </div>
  </div>
 </body>
</html>
