2436 3840
128 160 189 224 120
355 157 508 212 VIRGILII
525 157 692 213 nnaonls
710 157 916 213 EPISTOLAE.

125 312 318 392 masculine,
346 333 418 376 cum
441 312 502 375 hoc
524 314 647 375 ueteres
669 332 729 375 nee
750 311 923 375 habuerint
944 312 980 374 in
1001 333 1059 375 usu
1083 335 1146 376 nec

126 397 256 460 omnino
278 396 447 460 audierint.
478 396 568 459 nulla
596 396 683 459 enim
710 397 837 460 ratione
866 395 995 460 defendi
1023 403 1143 479 potest,

127 481 211 564 quod
234 481 302 544 sola
322 485 451 546 tantum
473 480 704 545 consuetudine
727 481 893 544 obtentum
916 485 980 562 est,
1012 481 1143 545 sedhic

125 587 192 629 mos
214 565 309 628 modo
332 565 368 628 in
390 570 461 629 toto
484 586 566 648 pene
581 568 738 628 terrarum
753 566 830 628 orbo
844 565 947 642 ualet,
970 567 1008 628 ut
1022 565 1144 629 relictis

98 651 303 714 arationibus
324 650 471 713 ueritatis
493 649 562 714 aola
584 650 782 714 consuetudo
804 670 863 732 pro
886 670 963 713 uero
980 652 1140 723 teneatur.

124 734 180 798 aad
208 755 249 798 ne
272 735 405 818 longum
426 734 525 798 facies
548 736 704 797 sermonis
725 734 988 814 fundamentum,
1017 735 1142 798 caelum

124 822 201 902 aput
221 823 345 883 ueteres
367 819 556 882 neutraliter
577 819 712 882 nubium
733 818 864 902 globum
885 818 1061 901 significat,
1084 818 1142 901 qui

123 904 225 967 solem
246 903 356 967 lunam
379 904 550 986 stellasque
575 903 698 966 caelare
720 903 816 984 solet,
839 908 872 966 et
893 903 991 966 habet
1012 903 1048 965 in
1068 904 1141 985 plu·

122 987 182 1051 rali
203 1009 336 1051 numero
356 989 444 1053 caela
471 987 543 1052 suf
546 987 697 1070 phonia
719 987 846 1052 Hebreo
870 987 1030 1051 scribente
1057 991 1141 1051 tene·

84 1094 110 1134 10
123 1073 217 1139 brosa
246 1073 370 1138 cadant
398 1073 485 1138 caela
515 1073 593 1138 caeli
628 1072 777 1153 olor'aque
805 1077 997 1153 concorporat
1023 1072 1141 1136 adera.

122 1158 201 1222 coeli
230 1167 338 1221 autem
365 1157 483 1220 summi
511 1156 676 1220 habebunt
702 1158 736 1219 in
759 1156 915 1239 singulari
937 1155 1141 1220 nominatiuo

121 1242 225 1306 cocina
246 1241 423 1305 masculino
445 1262 578 1325 genere3
601 1241 685 1305 sicut
708 1245 739 1305 et
759 1245 868 1305 noster
890 1239 1029 1305 Cicero
1051 1240 1143 1304 canit

120 1327 225 1392 coelus
252 1327 305 1392 illc
329 1327 468 1391 abactas
494 1328 568 1391 nisa
597 1327 777 1391 carnaliam
804 1330 897 1390 caret.
941 1325 997 1408 qui
1020 1324 1139 1406 caelus,

121 1411 196 1493 quia
224 1432 243 1472 a
271 1410 458 1475 celsitudine
489 1410 662 1492 diriuatur,
690 1410 882 1496 aspiratione
915 1408 1031 1494 dignus
1060 1411 1139 1473 erit:

82 1521 108 1562 15
121 1498 154 1557 at
176 1495 274 1559 celum
296 1494 382 1577 quod
404 1494 443 1558 de
465 1495 592 1559 celando
615 1495 747 1577 dicitur,
778 1495 999 1577 diptongicam
1020 1493 1141 1558 habere

121 1599 186 1642 non
209 1581 329 1661 poterit
352 1578 554 1662 dignitatem.
588 1598 683 1642 omne
705 1599 782 1662 ergo
798 1600 917 1642 nomen
931 1599 997 1643 uno
1013 1599 1142 1662 semper

121 1683 238 1746 genere
260 1663 402 1746 potietur
424 1666 457 1726 et
478 1684 654 1745 numquam
676 1663 711 1726 in
731 1663 819 1727 aliud
842 1685 880 1726 ex
896 1663 959 1727 alio
975 1663 1138 1728 transibit.

121 1747 259 1831 deniquo
281 1747 371 1812 etin
394 1747 456 1811 hoe
478 1751 603 1826 errant,
629 1747 713 1830 quod
733 1749 844 1813 sibilus
857 1748 970 1827 sibilo,
993 1752 1140 1813 amma

119 1835 246 1897 tortora
268 1833 330 1896 dici
354 1833 474 1916 duplici
496 1836 529 1896 et
550 1837 587 1896 ut
607 1833 654 1896 ita
676 1832 779 1896 dicam
795 1832 892 1895 dubio
908 1853 1001 1914 posse
1018 1853 1138 1916 genere

81 1945 107 1985 ao
120 1920 303 1981 nostrorum
329 1917 461 2000 plurimi
488 1917 695 1982 arbitrantur.
731 1938 807 1980 nam
836 1916 948 1981 sibilus
969 1919 1051 1980 aeris
1076 1918 1140 1981 erit

120 2001 172 2064 uel
195 2004 353 2085 serpentis
377 2002 429 2066 uel
450 2002 617 2080 foliorum,
641 2006 673 2065 et
694 2001 793 2065 habet
813 2003 847 2064 in
870 2000 988 2084 plurali
1003 2022 1138 2066 numero

117 2087 204 2150 sibili
231 2087 410 2168 sibilorum,
439 2090 472 2150 et
498 2086 638 2168 reliquos
667 2107 778 2149 omnes
800 2107 917 2149 cassus.
954 2089 989 2149 at
1009 2086 1140 2150 sibilum

117 2171 308 2234 neutraliter
329 2170 469 2233 hominis
491 2168 659 2233 dicendum
683 2173 745 2248 est,
767 2169 851 2252 quod
872 2169 998 2233 trifario
1021 2170 1138 2234 solum·

117 2253 213 2316 modo
237 2275 327 2317 cassu
350 2256 537 2317 contentum
560 2258 609 2317 est
633 2259 669 2316 ut
689 2255 786 2319 sibila
806 2255 902 2319 sibila
922 2254 1033 2335 sibila,
1063 2255 1138 2318 reli·

79 2367 104 2407 25
118 2338 188 2420 quis
218 2358 393 2420 numquam
421 2340 456 2401 in
479 2359 538 2401 usu
559 2337 687 2402 habitis.
723 2338 769 2402 sic
799 2338 895 2402 etiam
923 2359 994 2402 cum
1019 2338 1139 2402 dicitur

118 2425 280 2502 torturae,
308 2422 413 2486 omnis
441 2423 531 2486 locus
560 2423 756 2506 generaliter
776 2423 925 2506 fragosus
948 2443 986 2486 ac
1008 2422 1137 2487 dificilis

119 2506 223 2585 aditu,
248 2507 425 2572 masculino
448 2528 565 2593 genere
586 2507 755 2591 pluraliter
777 2507 923 2572 dicentur
945 2509 1080 2591 anari,
1103 2512 1138 2572 et

116 2591 232 2675 reliqui
261 2593 357 2657 solito
385 2614 472 2656 more
501 2613 621 2656 cassus:
656 2597 816 2659 tartarum
843 2596 950 2656 autem
980 2591 1137 2670 neutrale,

116 2677 200 2759 quod
228 2678 326 2742 solius
353 2678 473 2741 inferni
501 2681 564 2755 est,
592 2677 628 2740 in
655 2677 772 2760 plurali
794 2697 928 2741 numero
949 2676 1046 2740 habet
1067 2680 1137 2741 tar-

78 2785 104 2827 ao
117 2767 192 2826 toro
213 2767 340 2827 tartara
363 2767 489 2828 tanaro
511 2761 642 2845 reliquis
660 2762 802 2825 nondum
818 2761 965 2844 receptis.
1003 2763 1057 2824 sed
1072 2760 1137 2825 hoc

116 2846 181 2909 fine
204 2845 360 2910 cludenda
382 2846 518 2929 epistola
541 2850 598 2910 est.

185 3096 341 3153 turbeN
374 3103 405 3150 12
423 3097 583 3152 caelumN
623 3097 797 3153 tororiaN
811 3096 1140 3166 cornMaiflttadN

144 3164 306 3219 sanaberis
365 3165 421 3235 [12⁷
439 3165 537 3239 addita
554 3165 587 3219 N
619 3171 653 3219 29
670 3165 760 3220 habet
777 3173 804 3232 (e
822 3183 857 3221 ex
873 3167 893 3233 i)
911 3166 946 3220 N
954 3168 964 3234 ΙΙ
977 3171 1011 3221 30
1027 3164 1135 3220 nodum

155 3234 209 3301 1131
229 3232 369 3287 cuidenda
386 3233 420 3286 N
429 3233 439 3300 ll
452 3234 506 3302 est]
527 3237 595 3302 expl
612 3233 650 3288 N.
