2436 3840
452 148 499 201 111.
528 147 576 200 nn
594 145 726 201 onaan.
1037 146 1097 212 151

78 304 207 382 meniis,
219 303 304 364 terra
316 300 440 364 seilicet
450 299 526 385 igne
538 319 620 381 aqua
631 302 726 381 atque
738 319 820 362 aere.
839 298 922 381 quod
935 299 1097 363 Plasius

75 386 318 472 elegantissimo
340 385 482 449 carmine
504 383 639 447 diseruii
661 383 770 446 dicens

435 538 508 602 linio
529 535 670 612 solubili,

433 620 562 702 lampio
584 619 726 698 meabili,

433 706 506 787 lyae
527 703 674 776 audibili,

435 809 521 854 auro
542 789 702 869 mutabili,

435 873 573 938 innodas
593 873 731 937 arsibilis

433 961 576 1038 sumplus
596 957 714 1040 ioiliis,

435 1043 524 1106 caios
545 1041 695 1106 terribilis

432 1126 542 1207 pendit
563 1126 710 1189 lrislilies.
1110 1145 1136 1185 ro

79 1281 254 1338 seeundum
295 1276 379 1340 hane
420 1275 530 1358 iiaque
566 1275 740 1356 rationem,
785 1297 880 1359 quam
917 1275 1097 1359 praediatus

79 1357 271 1424 Chromas
306 1359 466 1438 intulerit,
506 1359 541 1422 in
579 1359 641 1422 hao
674 1379 800 1442 quoque
833 1360 1098 1426 annumeratione

79 1446 203 1521 nostra,
234 1465 297 1528 qua
324 1445 459 1509 uerbum
486 1446 591 1508 tolum
619 1465 883 1529 annumeramus,
912 1450 1037 1529 tempus
1066 1448 1098 1508 ei

78 1548 248 1610 personam
271 1530 459 1613 excipimus,
483 1550 525 1593 ne
548 1529 576 1592 si
595 1528 660 1592 hiis
682 1529 821 1613 acceptis
849 1533 920 1596 ocio
943 1534 975 1594 ei
995 1530 1097 1595 aienti

78 1616 215 1695 species,
238 1616 275 1677 nt
297 1618 346 1678 esi
363 1635 508 1696 neeesse,
532 1613 654 1677 fuerint
667 1617 828 1697 repertae,
851 1637 1003 1680 numerus
1017 1619 1096 1698 typo
1110 1630 1135 1670 1⁵

79 1700 181 1759 uacet.
220 1718 411 1781 quamquam
438 1699 466 1760 si
493 1700 619 1780 tempus
647 1697 681 1761 in
710 1699 850 1782 quinque
873 1701 995 1783 speeies
1017 1700 1097 1763 diui-

80 1779 187 1864 dalnr,
216 1779 376 1845 adiunctis
397 1780 501 1844 tribus
523 1781 668 1863 personis
690 1784 762 1845 orio
785 1803 907 1867 speeies
928 1783 1096 1858 inuenian-

77 1867 146 1944 tur,
170 1885 248 1948 quas
270 1885 342 1928 oum
365 1864 468 1929 uienii
488 1864 609 1928 duabus
625 1864 876 1948 adiunxerimus,
899 1867 992 1929 iuxta
1007 1865 1096 1930 luna-

77 1970 145 2012 rem
167 1949 324 2013 ralionem
347 1947 440 2013 XXX
461 1948 624 2013 faciemus.

163 2032 260 2098 Nune
288 2033 326 2098 de
356 2034 568 2098 inmolaiions
589 2053 691 2116 panea
712 2033 805 2097 nobis
828 2033 982 2099 edicenda
1005 2042 1095 2118 sunl,
1110 2053 1136 2092 ao

78 2139 158 2201 quae
180 2119 336 2183 innsilaia
359 2118 488 2203 quidem
511 2120 574 2201 esi,
597 2117 652 2182 sed
674 2117 737 2181 hiis
759 2118 815 2202 qui
829 2118 923 2182 nouis
944 2118 1096 2182 adinuen-

76 2203 219 2267 iionibus
241 2203 417 2268 dilalaniur
439 2203 528 2267 utilis
544 2224 581 2267 ao
595 2202 775 2267 necessaria
789 2224 857 2268 esse
872 2203 1012 2268 uidetur.
1046 2204 1096 2267 in-

77 2289 243 2350 motanlur
258 2291 363 2352 aulem
377 2287 477 2351 uerba
491 2288 679 2371 simplieiier
693 2309 752 2371 per
770 2286 895 2368 literas,
917 2309 975 2373 per
990 2309 1096 2366 sonos,

77 2389 135 2451 per
158 2391 285 2447 sensns,
310 2391 368 2454 per
388 2373 523 2455 figuras,
546 2392 603 2455 per
622 2375 775 2455 tempora.
812 2374 1013 2438 inmolaniur
1027 2373 1096 2457 qui-

79 2451 151 2516 dem
184 2474 243 2536 per
269 2452 376 2518 lileras
407 2454 583 2518 seeundum
610 2455 689 2518 duas
717 2455 920 2539 efficientias,
955 2457 1017 2522 hoe
1045 2462 1094 2521 esi
1107 2474 1132 2514 2⁵

78 2539 145 2600 siue
172 2558 230 2620 per
256 2537 370 2602 uitium
402 2537 645 2619 dedecorosum,
680 2539 748 2603 siue
781 2560 838 2622 per
870 2543 1095 2604 necessitatem

79 2621 405 2688 consuetudinariam.
442 2644 500 2706 per
522 2621 637 2686 uilium
653 2643 779 2706 quoqne
795 2622 998 2703 decorosum,
1023 2645 1094 2689 enm

77 2707 112 2769 in
135 2727 230 2771 uersu
246 2706 405 2771 Horatii
420 2707 591 2793 legerimus
607 2727 686 2790 quo
700 2728 759 2790 pro
775 2728 844 2791 ooo.
876 2707 942 2773 hiie
958 2708 1094 2774 adieoiio

73 2812 96 2874 9
118 2792 281 2875 sequeniis
295 2792 414 2857 uitiosa
430 2796 487 2857 est.
522 2791 577 2856 sed
593 2813 664 2856 eum
680 2792 788 2876 agitur
801 2792 925 2857 laetitia
939 2794 992 2857 uel
1005 2792 1095 2859 festi-

76 2876 174 2958 uitas,
204 2877 249 2940 sio
276 2879 474 2942 consueruni
501 2877 607 2942 dicere
635 2896 723 2960 ooqo.
762 2876 808 2941 sie
836 2877 921 2942 enim
944 2879 978 2943 in
1001 2900 1093 2965 prae·
1108 2895 1133 2936 ³0

147 3108 161 3160 Ξ
180 3101 304 3161 deseruit
322 3111 354 3162 N
363 3105 368 3176 1
386 3113 401 3161 8
419 3097 494 3160 inilii
511 3098 542 3160 N
553 3105 592 3175 il9
610 3096 736 3160 terribile
749 3099 818 3160 omri.
830 3099 917 3173 Malli
932 3109 962 3158 10
980 3102 1095 3181 irisiitia

77 3167 119 3238 N,
138 3175 256 3229 exitium
273 3176 344 3229 oeni.
395 3175 426 3228 ai
437 3175 447 3242 ΙΙ
461 3180 492 3227 12
511 3175 625 3229 Cromas
642 3173 677 3227 N
680 3174 707 3293 (l
718 3179 749 3227 15
765 3175 854 3242 typpo
871 3172 905 3228 N
918 3173 928 3240 ΙΙ
943 3176 974 3224 19
991 3171 1094 3222 famem

79 3241 113 3294 N
124 3243 136 3312 ΙΙ
152 3249 185 3298 20
201 3243 291 3312 paual
308 3241 342 3297 N
354 3244 363 3311 ΙΙ
380 3242 535 3297 aedieenda
552 3241 586 3296 N
598 3242 607 3310 ΙΙ
625 3247 657 3294 22
701 3241 835 3294 ilalanlur
852 3239 895 3307 N,
919 3237 1095 3292 delectantur

75 3311 148 3369 roni.
166 3311 230 3366 Mol
242 3311 252 3380 ΙΙ
265 3310 301 3364 ad
319 3310 505 3365 necessariam
523 3308 558 3362 N
570 3310 628 3378 1123
647 3308 736 3362 verba
753 3308 802 3377 qui
820 3307 854 3362 N
862 3309 867 3375 Ι
884 3321 966 3360 sonas
984 3303 1018 3356 N
1030 3303 1094 3369 fort.

76 3391 161 3431 sonus
178 3379 188 3456 i
204 3385 237 3432 24
259 3379 347 3433 seniis
365 3378 470 3448 figuras
489 3377 524 3431 N
534 3378 546 3446 Η
562 3382 595 3430 26
613 3377 662 3431 sed
680 3377 844 3431 decorosnm
909 3374 919 3441 ΙΙ
931 3378 964 3426 27
983 3386 1095 3451 quoque

79 3441 120 3508 N,
142 3445 257 3512 quidem
278 3446 342 3502 Mol
358 3448 368 3515 ll
385 3452 418 3501 28
437 3445 548 3500 Oratius
566 3444 598 3498 N
608 3446 618 3513 ΙΙ
630 3450 663 3499 30
680 3444 742 3513 sia]
762 3443 786 3497 si
802 3442 837 3497 N
850 3456 924 3521 corr,
939 3443 1008 3494 Mos.
